@article{kraus2003analytical,
  title={Analytical model of incipient breaching of coastal barriers},
  author={Kraus, Nicholas C},
  journal={Coastal Engineering Journal},
  volume={45},
  number={04},
  pages={511--531},
  year={2003},
  publisher={World Scientific}
}

@article{kraus2002barrier,
  title={Barrier breaching processes and barrier spit breach, Stone Lagoon, California},
  author={Kraus, Nicholas C and Militello, Adele and Todoroff, Gary},
  journal={Shore \& Beach},
  volume={70},
  number={4},
  pages={21--28},
  year={2002}
}

@article{smallegan2017barrier,
  title={Barrier island morphological change by bay-side storm surge},
  author={Smallegan, Stephanie M and Irish, Jennifer L},
  journal={Journal of Waterway, Port, Coastal, and Ocean Engineering},
  volume={143},
  number={5},
  pages={04017025},
  year={2017},
  publisher={American Society of Civil Engineers}
}

@incollection{visser1999breach,
  title={Breach erosion in sand-dikes},
  author={Visser, Paul J},
  booktitle={Coastal Engineering 1998},
  pages={3516--3528},
  year={1999}
}

@article{kraus2003coastal,
  title={Coastal barrier breaching, Part 1: Overview of breaching processes},
  author={Kraus, Nicholas C and Wamsley, Ty V},
  year={2003},
  publisher={Coastal and Hydraulics Laboratory (US)}
}

@article{buynevich2006geological,
  title={Geological signatures of barrier breaching and overwash, southern Massachusetts, USA},
  author={Buynevich, IV and Donnelly, JP},
  journal={Journal of Coastal Research},
  pages={112--116},
  year={2006},
  publisher={JSTOR}
}

@article{roelvink2009modelling,
  title={Modelling storm impacts on beaches, dunes and barrier islands},
  author={Roelvink, Dano and Reniers, Ad and Van Dongeren, AP and De Vries, Jaap Van Thiel and McCall, Robert and Lescinski, Jamie},
  journal={Coastal engineering},
  volume={56},
  number={11-12},
  pages={1133--1152},
  year={2009},
  publisher={Elsevier}
}

@article{van2019morphodynamic,
  title={Morphodynamic modeling of the response of two barrier islands to Atlantic hurricane forcing},
  author={van der Lugt, Marlies A and Quataert, Ellen and van Dongeren, Ap and van Ormondt, Maarten and Sherwood, Christopher R},
  journal={Estuarine, Coastal and Shelf Science},
  volume={229},
  pages={106404},
  year={2019},
  publisher={Elsevier}
}

@article{Smallegan2016,
    title = {{Morphological response of a sandy barrier island with a buried seawall during Hurricane Sandy}},
    year = {2016},
    journal = {Coastal Engineering},
    author = {Smallegan, Stephanie M. and Irish, Jennifer L. and Van Dongeren, Ap R. and Den Bieman, Joost P.},
    pages = {102--110},
    volume = {110},
    publisher = {Elsevier B.V.},
    url = {http://dx.doi.org/10.1016/j.coastaleng.2016.01.005},
    doi = {10.1016/j.coastaleng.2016.01.005},
    issn = {03783839},
    keywords = {Armored dune, Barrier island, Hurricane Sandy, XBeach}
}

@incollection{KRAUS2005,
    title = {{Numerical Morphologic Model of Barrier Island Breaching}},
    year = {2005},
    booktitle = {Coastal Engineering 2004},
    author = {Kraus, Nicholas C and Hayashi, Kentaro},
    pages = {2120--2132},
    doi = {10.1142/9789812701916{\_}0170}
}

@article{irish2010potential,
  title={Potential implications of global warming and barrier island degradation on future hurricane inundation, property damages, and population impacted},
  author={Irish, Jennifer L and Frey, Ashley E and Rosati, Julie D and Olivera, Francisco and Dunkin, Lauren M and Kaihatu, James M and Ferreira, Celso M and Edge, Billy L},
  journal={Ocean \& Coastal Management},
  volume={53},
  number={10},
  pages={645--657},
  year={2010},
  publisher={Elsevier}
}

@article{canizares2008simulation,
  title={Simulation of storm-induced barrier island morphodynamics and flooding},
  author={Ca{\~n}izares, Rafael and Irish, Jennifer L},
  journal={Coastal Engineering},
  volume={55},
  number={12},
  pages={1089--1101},
  year={2008},
  publisher={Elsevier}
}

@article{pierce1970tidal,
  title={Tidal inlets and washover fans},
  author={Pierce, JW},
  journal={The Journal of Geology},
  volume={78},
  number={2},
  pages={230--234},
  year={1970},
  publisher={University of Chicago Press}
}

@article{Weatherall2015AOceans,
    title = {{A new digital bathymetric model of the world's oceans}},
    year = {2015},
    journal = {Earth and Space Science},
    author = {Weatherall, Pauline and Marks, K M and Jakobsson, Martin and Schmitt, Thierry and Tani, Shin and Arndt, Jan Erik and Rovere, Marzia and Chayes, Dale and Ferrini, Vicki and Wigley, Rochelle},
    number = {8},
    month = {8},
    pages = {331--345},
    volume = {2},
    url = {http://doi.wiley.com/10.1002/2015EA000107},
    doi = {10.1002/2015EA000107},
    issn = {23335084},
    keywords = {10.1002/2015EA000107 and bathymetry, altimetry, model, multibeam, soundings}
}

@article{stutz2001review,
  title={A review of global barrier island distribution},
  author={Stutz, Matthew L and Pilkey, Orrin H},
  journal={Journal of Coastal Research},
  pages={15--22},
  year={2001},
  publisher={JSTOR}
}

@incollection{schmeltz1982breach,
  title={Breach/inlet interaction at Moriches inlet},
  author={Schmeltz, EJ and Sorensen, RM and McCarthy, MJ and Nersesian, G},
  booktitle={Coastal Engineering 1982},
  pages={1062--1077},
  year={1982}
}

@article{mandli2016clawpack,
  title={Clawpack: building an open source ecosystem for solving hyperbolic PDEs},
  author={Mandli, Kyle T and Ahmadia, Aron J and Berger, Marsha and Calhoun, Donna and George, David L and Hadjimichael, Yiannis and Ketcheson, David I and Lemoine, Grady I and LeVeque, Randall J},
  journal={PeerJ Computer Science},
  volume={2},
  pages={e68},
  year={2016},
  publisher={PeerJ Inc.}
}

@article{wamsley2005coastal,
  title={Coastal barrier island breaching, Part 2: Mechanical breaching and breach closure},
  author={Wamsley, Ty V and Kraus, Nicholas C},
  journal={Coastal and Hydraulic Laboratory Technical Note ERDC/CHL CHETN IV-65, US Army Engineer Research and Development Center, Vicksburg, MS},
  volume={21},
  year={2005}
}

@article{Smallegan2017DevelopedLevels,
    title = {{Developed barrier island adaptation strategies to hurricane forcing under rising sea levels}},
    year = {2017},
    journal = {Climatic Change},
    author = {Smallegan, S. M. and Irish, J. L. and van Dongeren, A. R.},
    number = {1-2},
    pages = {173--184},
    volume = {143},
    publisher = {Climatic Change},
    doi = {10.1007/s10584-017-1988-y},
    issn = {15731480}
}

@article{Buynevich2006GeologicalUSA,
    title = {{Geological signatures of barrier breaching and overwash, southern Massachusetts, USA}},
    year = {2006},
    journal = {Journal of Coastal Research},
    author = {Buynevich, IV and Donnelly, JP},
    number = {39},
    pages = {112--116},
    volume = {I},
    issn = {0749-0208}
}

@article{Engelstad2017ObservationsInundation,
    title = {{Observations of waves and currents during barrier island inundation}},
    year = {2017},
    journal = {Journal of Geophysical Research: Oceans},
    author = {Engelstad, A. and Ruessink, B. G. and Wesselman, D. and Hoekstra, P. and Oost, A. and van der Vegt, M.},
    number = {4},
    pages = {3152--3169},
    volume = {122},
    doi = {10.1002/2016JC012545},
    issn = {21699291},
    keywords = {back-barrier processes, barrier islands, infragravity waves, island inundation, wave transformation}
}

@article{SallengerA.H.2000StormIslands,
    title = {{Storm impact scale for barrier islands}},
    year = {2000},
    journal = {Journal of Coastal Research},
    author = {Sallenger A.H., Jr.},
    number = {3},
    pages = {890--895},
    volume = {16}
}

@misc{oertel1985barrier,
  title={The barrier island system},
  author={Oertel, George F},
  journal={Marine Geology},
  volume={63},
  number={1-4},
  pages={1--18},
  year={1985},
  publisher={Elsevier}
}

@article{berger2011geoclaw,
  title={The GeoClaw software for depth-averaged flows with adaptive refinement},
  author={Berger, Marsha J and George, David L and LeVeque, Randall J and Mandli, Kyle T},
  journal={Advances in Water Resources},
  volume={34},
  number={9},
  pages={1195--1206},
  year={2011},
  publisher={Elsevier}
}

@article{westerink2008basin,
  title={A basin-to channel-scale unstructured grid hurricane storm surge model applied to southern Louisiana},
  author={Westerink, Joannes J and Luettich, Richard A and Feyen, Jesse C and Atkinson, John H and Dawson, Clint and Roberts, Hugh J and Powell, Mark D and Dunion, Jason P and Kubatko, Ethan J and Pourtaheri, Hasan},
  journal={Monthly weather review},
  volume={136},
  number={3},
  pages={833--864},
  year={2008},
  publisher={American Meteorological Society}
}

@article{mandli2014adaptive,
  title={Adaptive mesh refinement for storm surge},
  author={Mandli, Kyle T and Dawson, Clint N},
  journal={Ocean Modelling},
  volume={75},
  pages={36--50},
  year={2014},
  publisher={Elsevier}
}

@inproceedings{leveque1994clawpack,
  title={CLAWPACK: A software package for solving multi-dimensional conservation laws},
  author={LeVeque, Randall J},
  booktitle={Proc. 5th Intl. Conf. Hyperbolic Problems},
  pages={188--197},
  year={1994},
  organization={Citeseer}
}

@article{zhang2011barrier,
  title={Barrier island population along the US Atlantic and Gulf Coasts},
  author={Zhang, Keqi and Leatherman, Stephen},
  journal={Journal of Coastal Research},
  volume={27},
  number={2},
  pages={356--363},
  year={2011},
  publisher={The Coastal Education and Research Foundation 1656 Cypress Row Drive, West~â€¦}
}

@misc{Center2006,
author = {{National Hurricane Center}},
title = {{Hurricane Preparedness - Hazards}},
url = {https://www.nhc.noaa.gov/prepare/hazards.php},
year = {2006}
}

@MISC{Cooperative_Institute_for_Research_in_Environmental_Sciences2014-ix,
  title     = "Continuously updated digital elevation model ({CUDEM}) - 1/9
               arc-second resolution bathymetric-topographic tiles",
  author    = "{Cooperative Institute for Research in Environmental Sciences}",
  publisher = "NOAA National Centers for Environmental Information",
  year = 2021
}

@misc{clawpack,
    title={Clawpack software},
    author={{Clawpack Development Team}},
    url={http://www.clawpack.org},
    note={Version 5.x.x},
    doi={https://doi.org/10.5281/zenodo.4025432},
    year={2020}}
    
@techreport{cialone2015north,
  title={North Atlantic Coast Comprehensive Study (NACCS) coastal storm model simulations: Waves and water levels},
  author={Cialone, Mary A and Massey, T Chris and Anderson, Mary E and Grzegorzewski, Alison S and Jensen, Robert E and Cialone, Alan and Mark, David J and Pevey, Kimberly C and Gunkel, Brittany L and McAlpin, Tate O},
  year={2015},
  institution={ENGINEER RESEARCH AND DEVELOPMENT CENTER VICKSBURG MS COASTAL AND HYDRAULICS LAB}
}

@article{weatherall2015new,
  title={A new digital bathymetric model of the world's oceans},
  author={Weatherall, Pauline and Marks, Karen M and Jakobsson, Martin and Schmitt, Thierry and Tani, Shin and Arndt, Jan Erik and Rovere, Marzia and Chayes, Dale and Ferrini, Vicki and Wigley, Rochelle},
  journal={Earth and space Science},
  volume={2},
  number={8},
  pages={331--345},
  year={2015},
  publisher={Wiley Online Library}
}

@inproceedings{gonzalez2011validation,
  title={Validation of the geoclaw model},
  author={Gonz{\'a}lez, Frank I and LeVeque, Randall J and Chamberlain, Paul and Hirai, Bryant and Varkovitzky, Jonathan and George, David L},
  booktitle={NTHMP MMS Tsunami Inundation Model Validation Workshop. GeoClaw Tsunami Modeling Group},
  year={2011}
}

@book{morang1999shinnecock,
  title={Shinnecock Inlet, New York, Site Investigation, Report 1: Morphology and Historical Behaviour},
  author={Morang, Andrew},
  year={1999},
  publisher={US Army Corps of Engineers Waterways Experiment Station}
}

@article{coch1994hurricane,
  title={Hurricane hazards along the northeastern Atlantic coast of the United States},
  author={Coch, Nicholas K},
  journal={Journal of Coastal Research},
  pages={115--147},
  year={1994},
  publisher={JSTOR}
}

@misc{coops2007,
  author = "{Center for Operational Oceanographic Products and Services (CO-OPS)}",
  title = "{CO-OPS 1-minute Tsunami Water Level Data}",
  howpublished = "{NOAA National Centers for Environmental Information}",
  year = "2007",
  doi = "10.7289/V59884XF",
  note = "[April 5, 2021]",
}

@misc{Jeffries2022,
  author = {Jeffries, Catherine R and Mandli, Kyle},
  title = {Adapting data derived storm products for use in GeoClaw},
  year = {2022},
  publisher = {GitHub},
  journal = {GitHub repository},
  howpublished = {\url{https://github.com/cjeffr/geoclaw/tree/OWI_integration}},
  commit = {10b54cf}
}