@misc{1996Chouet.pdf,
    title = {{1996, Chouet.pdf}}
}

@article{Porter200836ClWashington,
    title = {{36Cl dating of the classic pleistocene glacial record in the northeastern Cascade Range, Washington}},
    year = {2008},
    journal = {American Journal of Science},
    author = {Porter, Stephen C. and Swanson, Terry W.},
    number = {2},
    month = {2},
    pages = {130--166},
    volume = {308},
    publisher = {American Journal of Science},
    url = {file:///Users/kitty/Library/Mobile Documents/com~apple~CloudDocs/Papers/Papers Library/Files/5B/5BFD3BD2-FEBF-4F13-8C61-2F19CB09BDDA.pdf papers3://publication/doi/10.2475/02.2008.02},
    doi = {10.2475/02.2008.02},
    issn = {00029599}
}

@article{Aoki2013AImplications,
    title = {{A comparative industrial organization analysis of the fukushima nuclear disaster: Lessons and policy implications}},
    year = {2013},
    journal = {Energ. Policy},
    author = {Aoki, M and Rothwell, G},
    number = {C},
    month = {2},
    pages = {240},
    volume = {53},
    publisher = {Elsevier},
    url = {http://dx.doi.org/10.1016/j.enpol.2012.10.058 file:///Users/kitty/Library/Mobile Documents/com~apple~CloudDocs/Papers/Papers Library/Files/9C/9CA0541B-E99D-49B3-85B0-E1518E1E239B.pdf papers3://publication/doi/10.1016/j.enpol.2012.10.058}
}

@article{Hotovec-Ellis2014AInterferometry,
    title = {{A continuous record of intereruption velocity change at Mount St. Helens from coda wave interferometry}},
    year = {2014},
    journal = {Journal of Geophysical Research: Solid Earth},
    author = {Hotovec-Ellis, A. J. and Gomberg, J. and Vidale, J. E. and Creager, K. C.},
    number = {3},
    month = {3},
    pages = {2199--2214},
    volume = {119},
    url = {http://doi.wiley.com/10.1002/2014JB011376 http://doi.wiley.com/10.1002/2013JB010742},
    doi = {10.1002/2013JB010742},
    issn = {21699313},
    keywords = {10.1002/2014JB011376 and geomechanics, CO2 sequestration, compartmentalized reservoirs, fault reactivation, in situ stress, uncertainty quantification}
}

@article{Hotovec-Ellis2014AInterferometryb,
    title = {{A continuous record of intereruption velocity change at Mount St. Helens from coda wave interferometry}},
    year = {2014},
    journal = {Journal of Geophysical Research: Solid Earth},
    author = {Hotovec-Ellis, A. J. and Gomberg, J. and Vidale, J. E. and Creager, K. C.},
    number = {3},
    month = {3},
    pages = {2199--2214},
    volume = {119},
    url = {http://doi.wiley.com/10.1002/2013JB010742 http://onlinelibrary.wiley.com/doi/10.1002/2015JB012101/full},
    doi = {10.1002/2013JB010742},
    issn = {21699356},
    keywords = {Mount St. Helens, coda wave interferometry, seasonal seismicity, velocity change}
}

@article{Gusman2014ATsunami,
    title = {{A methodology for near-field tsunami inundation forecasting: Application to the 2011 Tohoku tsunami}},
    year = {2014},
    journal = {Journal of Geophysical Research: Solid Earth},
    author = {Gusman, Aditya Riadi and Tanioka, Yuichiro and Macinnes, Breanyn T. and Tsushima, Hiroaki},
    number = {11},
    month = {11},
    pages = {8186--8206},
    volume = {119},
    publisher = {Wiley Online Library},
    url = {http://doi.wiley.com/10.1002/2014JB010958 http://file//localhost(null) papers3://publication/doi/10.1002/2014JB010958},
    doi = {10.1002/2014JB010958},
    issn = {21699356},
    keywords = {near-field tsunami, precomputed tsunami database, tsunami early warning, tsunami inundation forecast, tsunami simulation, tsunami waveforms}
}

@article{Weatherall2015AOceans,
    title = {{A new digital bathymetric model of the world's oceans}},
    year = {2015},
    journal = {Earth and Space Science},
    author = {Weatherall, Pauline and Marks, K M and Jakobsson, Martin and Schmitt, Thierry and Tani, Shin and Arndt, Jan Erik and Rovere, Marzia and Chayes, Dale and Ferrini, Vicki and Wigley, Rochelle},
    number = {8},
    month = {8},
    pages = {331--345},
    volume = {2},
    url = {http://doi.wiley.com/10.1002/2015EA000107},
    doi = {10.1002/2015EA000107},
    issn = {23335084},
    keywords = {10.1002/2015EA000107 and bathymetry, altimetry, model, multibeam, soundings}
}

@article{Menke2005AEarthquakes,
    title = {{A strategy to rapidly determine the magnitude of great earthquakes}},
    year = {2005},
    journal = {Eos},
    author = {Menke, W. and Levin, V.},
    number = {19},
    month = {5},
    pages = {185},
    volume = {86},
    publisher = {Wiley-Blackwell},
    url = {https://agupubs.onlinelibrary.wiley.com/doi/full/10.1029/2005EO190002 file:///Users/kitty/Library/Mobile Documents/com~apple~CloudDocs/Papers/Papers Library/Files/B1/B1905CBB-7326-4605-94F4-AFE5297205B5.pdf papers3://publication/doi/10.1029/2005EO190002 h},
    doi = {10.1029/2005EO190002},
    issn = {00963941},
    keywords = {geology, magnitude, meteorology, seismology}
}

@article{Atwater2010AWashington,
    title = {{A Tsunami about 1000 Years Ago in Puget Sound , Washington A Tsunami About 1 000 Years Ago in Puget Sound , Washington}},
    year = {2010},
    journal = {Science},
    author = {Atwater, Brian F and Moore, Andrew L},
    number = {5088},
    month = {12},
    pages = {1614--1617},
    volume = {258},
    publisher = {American Association for the Advancement of Science},
    url = {http://www.sciencemag.org/cgi/doi/10.1126/science.258.5088.1614}
}

@article{Thelen2008AbsoluteProcesses,
    title = {{Absolute and relative locations of earthquakes at Mount St. Helens, Washington, using continuous data: Implications for magmatic processes}},
    year = {2008},
    journal = {US Geological Survey Professional Paper},
    author = {Thelen, Weston A. and Crosson, Robert S. and Creager, Kenneth C.},
    number = {1750},
    pages = {71--96},
    doi = {10.3133/pp17504},
    issn = {1044-9612},
    keywords = {geology, geomorphology, seismology, volcano}
}

@article{Meghraoui2000ActiveBelgium,
    title = {{Active faulting and paleoseismology along the Bree fault, lower Rhine graben, Belgium}},
    year = {2000},
    journal = {Journal of Geophysical Research: Solid Earth},
    author = {Meghraoui, Mustapha and Camelbeeck, Thierry and Vanneste, Kris and Brondeel, Marijke and Jongmans, Denis},
    number = {B6},
    month = {6},
    pages = {13809--13841},
    volume = {105},
    publisher = {Wiley Online Library},
    url = {http://doi.wiley.com/10.1029/1999JB900236 http://file//localhost(null) papers3://publication/doi/10.1029/1999JB900236},
    doi = {10.1029/1999jb900236}
}

@article{Wallace2013ActiveStates,
    title = {{Active Faults, Paleoseismology, and Earthquake Hazards in the Western United States}},
    year = {2013},
    author = {Wallace, Robert E.},
    number = {c},
    pages = {209--216},
    volume = {4},
    doi = {10.1029/me004p0209},
    keywords = {Earthquake Prediction: An International Review,Mau}
}

@article{TABOR1984AgesFault,
    title = {{Ages and stratigraphy of lower and middle Tertiary sedimentary and volcanic rocks of the central Cascades, Washington: Application to the tectonic history of the Straight Creek fault}},
    year = {1984},
    journal = {Geological Society of America Bulletin},
    author = {TABOR, R. W. and FRIZZELL, V. A. and VANCE, J. A. and NAESER, C. W.},
    number = {1},
    month = {1},
    pages = {26},
    volume = {95},
    publisher = {Geological Society of America},
    url = {https://pubs.geoscienceworld.org/gsabulletin/article/95/1/26-44/202929 file:///Users/kitty/Library/Mobile Documents/com~apple~CloudDocs/Papers/Papers Library/Files/0C/0C89D549-0876-4176-957A-858709AAB596.pdf (null) papers3://publication/uuid/73FDE23E-F1E2},
    doi = {10.1130/0016-7606(1984)95<26:AASOLA>2.0.CO;2},
    issn = {0016-7606}
}

@article{Schambach2018AssessingCoast,
    title = {{Assessing the impact of extreme storms on barrier beaches along the Atlantic coastline : Application to the southern Rhode Island coast}},
    year = {2018},
    journal = {Coastal Engineering},
    author = {Schambach, Lauren and Grilli, Annette R and Grilli, Stephan T and Hashemi, M Reza and King, John W},
    number = {September 2017},
    pages = {26--42},
    volume = {133},
    publisher = {Elsevier Ltd},
    url = {https://doi.org/10.1016/j.coastaleng.2017.12.004},
    doi = {10.1016/j.coastaleng.2017.12.004},
    issn = {0378-3839}
}

@article{Beach2011BarrierCoasts,
    title = {{Barrier Island Population along the U.S. Atlantic and Gulf Coasts}},
    year = {2011},
    journal = {Journal of Coastal Research},
    author = {Beach, West Palm and Zhang, Keqi and Leatherman, Stephen},
    number = {2},
    pages = {356},
    volume = {27},
    doi = {10.2112/jcoastres-d-10-00126.1}
}

@article{Kobayashi2017BayBeach,
    title = {{Bay flooding through tidal inlet and by wave overtopping of barrier beach}},
    year = {2017},
    journal = {Journal of Waterway, Port, Coastal and Ocean Engineering},
    author = {Kobayashi, Nobuhisa and Zhu, Tingting},
    number = {5},
    pages = {1--14},
    volume = {143},
    doi = {10.1061/(ASCE)WW.1943-5460.0000403},
    issn = {0733950X},
    keywords = {Barrier beach, Bay flooding, Inlet, Overwash, Storm surge, Tide, Wave overtopping}
}

@article{Priest2016Beat-the-waveUSA,
    title = {{Beat-the-wave evacuation mapping for tsunami hazards in Seaside, Oregon, USA}},
    year = {2016},
    journal = {Natural Hazards},
    author = {Priest, George R. and Stimely, Laura L. and Wood, Nathan J. and Madin, Ian P. and Watzig, Rudie J.},
    number = {2},
    month = {1},
    pages = {1031--1056},
    volume = {80},
    publisher = {Springer Netherlands},
    url = {http://file//localhost(null) papers3://publication/doi/10.1007/s11069-015-2011-4 http://link.springer.com/10.1007/s11069-015-2011-4},
    doi = {10.1007/s11069-015-2011-4},
    issn = {15730840},
    keywords = {Anisotropic path distance, Cascadia, Earthquake, Oregon, Seaside, Tsunami evacuation difficulty}
}

@article{Horton2008Broadband2005,
    title = {{Broadband characteristics of earthquakes recorded during a dome-building eruption at Mount St. Helens, Washington, between October 2004 and May 2005}},
    year = {2008},
    journal = {US Geological Survey Professional Paper},
    author = {Horton, Stephen P. and Norris, Robert D. and Moran, Seth C.},
    number = {1750},
    pages = {97--110},
    doi = {10.3133/pp17505},
    issn = {1044-9612},
    keywords = {dome, geology, prediction of volcanic activity, seismology, volcano}
}

@article{Hotovec-Ellis2015ChangesWashington,
    title = {{Changes in seismic velocity during the first 14 months of the 2004-2008 eruption of Mount St. Helens, Washington}},
    year = {2015},
    journal = {Journal of Geophysical Research: Solid Earth},
    author = {Hotovec-Ellis, A. J. and Vidale, J. E. and Gomberg, J. and Thelen, W. and Moran, S. C.},
    number = {9},
    pages = {6226--6240},
    volume = {120},
    url = {http://search.ebscohost.com/login.aspx?direct=true&db=geh&AN=707139-52&site=ehost-live},
    doi = {10.1002/2015JB012101},
    issn = {21699356},
    keywords = {Mount St. Helens, coda-wave interferometry, velocity change}
}

@article{Brandon2016ChangingPlates,
    title = {{Changing of the plates}},
    year = {2016},
    journal = {Nature Geoscience},
    author = {Brandon, Alan},
    number = {10},
    month = {9},
    pages = {731--732},
    volume = {9},
    publisher = {Nature Publishing Group},
    url = {file:///Users/kitty/Library/Mobile Documents/com~apple~CloudDocs/Papers/Papers Library/Files/CC/CC831D37-2043-4145-88BA-B30F6C533105.pdf papers3://publication/doi/10.1038/ngeo2800 http://dx.doi.org/10.1038/ngeo2800},
    doi = {10.1038/ngeo2800},
    issn = {1752-0894}
}

@article{Leatherman1958CHAPTER114,
    title = {{CHAPTER 114}},
    year = {1958},
    author = {Leatherman, Stephen P},
    pages = {1958--1974}
}

@misc{Hopson1994ChelanEmplacement,
    title = {{Chelan Migmatitie Complex, Washington: Field evidence for mafic magmatism, crustal anatexis, mixing and protodiapiric emplacement}},
    year = {1994},
    booktitle = {Geologic field trips in the Pacific Northwest: 1994 Geological Society of America Annual Meeting},
    author = {Hopson, Clifford and Mattinson, James},
    pages = {2K-1 - 2K-21}
}

@article{Hooper2000ChemicalFlows,
    title = {{Chemical discrimination of Columbia River basalt flows}},
    year = {2000},
    journal = {Geochemistry, Geophysics, Geosystems},
    author = {Hooper, Peter R.},
    number = {6},
    month = {6},
    pages = {n/a-n/a},
    volume = {1},
    url = {http://doi.wiley.com/10.1029/2000GC000040 file:///Users/kitty/Library/Mobile Documents/com~apple~CloudDocs/Papers/Papers Library/Files/1A/1ADC736E-F689-4B3F-B66C-5B2430AE7F6F.pdf papers3://publication/doi/10.1029/2000GC000040},
    doi = {10.1029/2000GC000040},
    issn = {15252027},
    keywords = {Basalt, Columbia River, continental flood basalts, major and trace elements}
}

@article{LeVeque2016Clawpack:PDEs,
    title = {{Clawpack: building an open source ecosystem for solving hyperbolic PDEs}},
    year = {2016},
    journal = {PeerJ Computer Science},
    author = {LeVeque, Randall J. and Hadjimichael, Yiannis and Ahmadia, Aron J. and Calhoun, Donna and Lemoine, Grady I. and George, David L. and Mandli, Kyle T. and Ketcheson, David I. and Berger, Marsha},
    number = {3},
    month = {1},
    pages = {e68},
    volume = {2},
    publisher = {PeerJ Inc.},
    url = {https://peerj.com/articles/cs-68 http://file//localhost(null) papers3://publication/doi/10.7717/peerj-cs.68},
    doi = {10.7717/peerj-cs.68}
}

@article{Hawkes2011Coastal1700,
    title = {{Coastal subsidence in Oregon, USA, during the giant Cascadia earthquake of AD 1700}},
    year = {2011},
    journal = {Quaternary Science Reviews},
    author = {Hawkes, A.D. and Horton, B.P. and Nelson, A.R. and Vane, C.H. and Sawai, Y.},
    number = {3-4},
    month = {2},
    pages = {364--376},
    volume = {30},
    url = {https://linkinghub.elsevier.com/retrieve/pii/S0277379110004130 file:///Users/kitty/Library/Mobile Documents/com~apple~CloudDocs/Papers/Papers Library/Files/1A/1A95A497-E71F-4DDC-846F-70671B7B0B75.pdf papers3://publication/doi/10.1016/j.quascirev.2010.11.0},
    doi = {10.1016/j.quascirev.2010.11.017},
    issn = {02773791},
    keywords = {Cascadia subduction zone, Coseismic subsidence, Earthquake, Foraminifera}
}

@article{Weaver2008COASTALLEVELS,
    title = {{COASTAL WATER LEVELS}},
    year = {2008},
    author = {Weaver, Robert J}
}

@article{Snieder2002CodaVelocity,
    title = {{Coda wave interferometry for estimating nonlinear behavior in seismic velocity}},
    year = {2002},
    journal = {Science},
    author = {Snieder, Roel and Gr{\^{e}}t, Alexandre and Douma, Huub and Scales, John},
    number = {5563},
    pages = {2253--2255},
    volume = {295},
    doi = {10.1126/science.1070015},
    issn = {00368075}
}

@article{StoughCollaborativeWarnings,
    title = {{Collaborative Demonstration for GNSS-augmented Tsunami Early Warnings}},
    author = {Stough, T and Abstracts, D S Green A G U Fall Meeting and {2016}},
    volume = {Power Poin},
    url = {http://adsabs.harvard.edu/abs/2016AGUFM.G44A..03S}
}

@article{MacInnes2013ComparisonObservations,
    title = {{Comparison of earthquake source models for the 2011 Tohoku event using tsunami simulations and near-field observations}},
    year = {2013},
    journal = {Bulletin of the Seismological Society of America},
    author = {MacInnes, Breanyn T. and Gusman, Aditya Riadi and LeVeque, Randall J. and Tanioka, Yuichiro},
    number = {2 B},
    month = {5},
    pages = {1256--1274},
    volume = {103},
    publisher = {GeoScienceWorld},
    url = {https://pubs.geoscienceworld.org/bssa/article/103/2B/1256-1274/331570},
    doi = {10.1785/0120120121},
    issn = {00371106}
}

@article{MacInnesB.T.2013ComparisonObservations,
    title = {{Comparison of earthquake source models for the 2011 Tohoku-oki event using tsunami simulations and near field observations}},
    year = {2013},
    journal = {Bulletin of the Seismological Society of America},
    author = {{MacInnes B. T.}},
    number = {2B},
    month = {5},
    pages = {1256--1274},
    volume = {103},
    publisher = {GeoScienceWorld},
    url = {https://pubs.geoscienceworld.org/bssa/article/103/2B/1256-1274/331570 http://file//localhost(null) papers3://publication/doi/10.1785/0120120121}
}

@article{Geist2002ComplexTsunamis,
    title = {{Complex earthquake rupture and local tsunamis}},
    year = {2002},
    journal = {Journal of Geophysical Research},
    author = {Geist, Eric L.},
    number = {B5},
    month = {1},
    pages = {416--441},
    volume = {107},
    url = {http://doi.wiley.com/10.1029/2000JB000139 file:///Users/kitty/Library/Mobile Documents/com~apple~CloudDocs/Papers/Papers Library/Files/71/7117DDF4-0A65-40FA-A4E7-8B10C27D2A5A.pdf papers3://publication/doi/10.1029/2000JB000139},
    doi = {10.1029/2000jb000139},
    issn = {0148-0227}
}

@misc{Coney1980Coney1980Nature_CordilleranTerranes-2.pdf,
    title = {{Coney1980Nature{\_}Cordilleran terranes-2.pdf}},
    year = {1980},
    booktitle = {Nature},
    author = {Coney, Peter J and Jones, David L and Monger, James W H},
    pages = {325--333},
    volume = {288}
}

@article{Pinet1988ContinentalRelief,
    title = {{Continental erosion and large‐scale relief}},
    year = {1988},
    journal = {Tectonics},
    author = {Pinet, Patrick and Souriau, Marc},
    number = {3},
    pages = {563--582},
    volume = {7},
    doi = {10.1029/TC007i003p00563},
    issn = {19449194}
}

@article{Houser2008ControlsStorms,
    title = {{Controls on coastal dune morphology, shoreline erosion and barrier island response to extreme storms}},
    year = {2008},
    journal = {Geomorphology},
    author = {Houser, Chris and Hapke, Cheryl and Hamilton, Stuart},
    number = {3-4},
    pages = {223--240},
    volume = {100},
    doi = {10.1016/j.geomorph.2007.12.007},
    issn = {0169555X},
    keywords = {Barrier island, Dune morphology, Hurricane Ivan, LIDAR, Overwash, Shoreline erosion}
}

@article{Glocka2012CrisisDisaster,
    title = {{Crisis communication online: How medium, crisis type and emotions affected public reactions in the Fukushima Daiichi nuclear disaster}},
    year = {2012},
    journal = {Public Relations Review},
    author = {Glocka, Sandra and Utz, Sonja and Schultz, Friederike},
    number = {1},
    month = {3},
    pages = {40--46},
    volume = {39},
    url = {http://linkinghub.elsevier.com/retrieve/pii/S0363811112001816},
    doi = {10.1016/j.pubrev.2012.09.010},
    issn = {03638111}
}

@article{Obermann2012DepthMedium,
    title = {{Depth sensitivity of coda waves to velocity perturbations of an elastic heterogeneous medium}},
    year = {2012},
    journal = {Geophysical Journal International},
    author = {Obermann, A and Plan{\`{e}}s, T and Larose, E and Campillo, M},
    number = {1},
    month = {6},
    pages = {7801},
    volume = {14},
    url = {http://file//localhost(null) papers3://publication/doi/10.1093/gji/ggt043}
}

@article{Obermann2013DepthMedium,
    title = {{Depth sensitivity of seismic coda waves to velocity perturbations in an elastic heterogeneous medium}},
    year = {2013},
    journal = {Geophysical Journal International},
    author = {Obermann, Anne and Plan{\`{e}}s, Thomas and Larose, Eric and Sens-Sch{\"{o}}nfelder, Christoph and Campillo, Michel},
    number = {1},
    pages = {372--382},
    volume = {194},
    doi = {10.1093/gji/ggt043},
    issn = {0956540X},
    keywords = {Coda waves, Computational seismology, Wave scattering and diffraction}
}

@article{Gica2008DevelopmentSIFT,
    title = {{Development of the forecast propagation database for NOAA's Short-Term Inundation Forecast for Tsunamis (SIFT)}},
    year = {2008},
    author = {Gica, E. and Spillane, M.C. and Titov, V.V. and Chamberlin, C.D. and Newman, J.C.},
    month = {1},
    pages = {95},
    url = {https://repository.library.noaa.gov/view/noaa/11079}
}

@article{Tang2012DirectMeasurements,
    title = {{Direct energy estimation of the 2011 Japan tsunami using deep-ocean pressure measurements}},
    year = {2012},
    journal = {Journal of Geophysical Research: Oceans},
    author = {Tang, Liujuan and Titov, Vasily V. and Bernard, Eddie N. and Wei, Yong and Chamberlin, Christopher D. and Newman, Jean C. and Mofjeld, Harold O. and Arcas, Diego and Eble, Marie C. and Moore, Christopher and Uslu, Burak and Pells, Clint and Spillane, Michael and Wright, Lindsey and Gica, Edison},
    number = {8},
    volume = {117},
    doi = {10.1029/2011JC007635},
    issn = {21699291},
    keywords = {2011 Japan tsunami, energy devay, energy dissipation, tsunameter (DART) measurements, tsunami energy, tsunami forecast}
}

@article{Peters2007DistributionAmerica,
    title = {{Distribution and sedimentary characteristics of tsunami deposits along the Cascadia margin of western North America}},
    year = {2007},
    journal = {Sedimentary Geology},
    author = {Peters, Robert and Jaffe, Bruce and Gelfenbaum, Guy},
    number = {3-4},
    month = {8},
    pages = {372--386},
    volume = {200},
    url = {https://linkinghub.elsevier.com/retrieve/pii/S0037073807000322 file:///Users/kitty/Library/Mobile Documents/com~apple~CloudDocs/Papers/Papers Library/Files/C2/C23D59A5-F82E-4AA4-870B-FAB9E71ECE62.pdf papers3://publication/doi/10.1016/j.sedgeo.2007.01.015},
    doi = {10.1016/j.sedgeo.2007.01.015},
    issn = {00370738},
    keywords = {Cascadia earthquake, Cascadia tsunami, Grain size, Sedimentary structures, Tsunami deposits}
}

@article{Iverson2006Dynamics2004-05,
    title = {{Dynamics of seismogenic volcanic extrusion at Mount St Helens in 2004-05}},
    year = {2006},
    journal = {Nature},
    author = {Iverson, Richard M. and Dzurisin, Daniel and Gardner, Cynthia A. and Gerlach, Terrence M. and LaHusen, Richard G. and Lisowski, Michael and Major, Jon J. and Malone, Stephen D. and Messerich, James A. and Moran, Seth C. and Pallister, John S. and Qamar, Anthony I. and Schilling, Steven P. and Vallance, James W.},
    number = {7118},
    month = {11},
    pages = {439--443},
    volume = {444},
    url = {http://www.nature.com/doifinder/10.1038/nature05322 http://www.nature.com/articles/nature05322},
    doi = {10.1038/nature05322},
    issn = {14764687}
}

@article{Iverson2008Dynamics2004-2005,
    title = {{Dynamics of seismogenic volcanic extrusion resisted by a solid surface plug, Mount St. Helens, 2004-2005}},
    year = {2008},
    journal = {US Geological Survey Professional Paper},
    author = {Iverson, Richard M.},
    number = {1750},
    pages = {425--460},
    doi = {10.3133/pp175021},
    issn = {1044-9612},
    keywords = {extrusion, geology, geomorphology, seismology, spark plug, stratovolcano, volcano}
}

@article{Melgar2015EarthquakeDisplacement,
    title = {{Earthquake magnitude calculation without saturation from the scaling of peak ground displacement}},
    year = {2015},
    journal = {Geophysical Research Letters},
    author = {Melgar, Diego and Crowell, Brendan W. and Geng, Jianghui and Allen, Richard M. and Bock, Yehuda and Riquelme, Sebastian and Hill, Emma M. and Protti, Marino and Ganas, Athanassios},
    number = {13},
    month = {7},
    pages = {5197--5205},
    volume = {42},
    url = {http://file//localhost(null) papers3://publication/doi/10.1002/(ISSN)1944-8007},
    doi = {10.1002/2015GL064278},
    issn = {19448007},
    keywords = {GPS, ground motion, source scaling, tsunami warning}
}

@article{Atwater1987EvidenceState,
    title = {{Evidence for great holocene earthquakes along the outer coast of Washington state}},
    year = {1987},
    journal = {Science},
    author = {Atwater, Brian F.},
    number = {4804},
    month = {5},
    pages = {942--944},
    volume = {236},
    publisher = {American Association for the Advancement of Science},
    url = {http://www.science.earthjay.com/instruction/chemeketa/research_paper/atwater_1987_holocene_earthquakes_washington.pdf http://www.sciencemag.org/cgi/doi/10.1126/science.236.4804.942},
    doi = {10.1126/science.236.4804.942},
    issn = {00368075}
}

@article{Clague1997EvidenceZone,
    title = {{Evidence for large earthquakes at the Cascadia Subduction Zone}},
    year = {1997},
    journal = {Reviews of Geophysics},
    author = {Clague, John J.},
    number = {4},
    month = {11},
    pages = {439--460},
    volume = {35},
    url = {http://doi.wiley.com/10.1029/97RG00222},
    doi = {10.1029/97RG00222},
    issn = {87551209},
    keywords = {doi:10.1029/9, http://dx.doi.org/10.1029/97RG00222}
}

@article{Rubin1998EvidenceAngeles,
    title = {{Evidence for large earthquakes in metropolitan Los Angeles}},
    year = {1998},
    journal = {Science},
    author = {Rubin, Charles M. and Lindvall, Scott C. and Rockwell, Thomas K.},
    number = {5375},
    month = {7},
    pages = {398--402},
    volume = {281},
    publisher = {American Association for the Advancement of Science},
    url = {http://www.sciencemag.org/cgi/doi/10.1126/science.281.5375.398 file:///Users/kitty/Library/Mobile Documents/com~apple~CloudDocs/Papers/Papers Library/Files/4B/4B1249D9-4E7E-4DD2-8F75-3318492EF8E9.pdf papers3://publication/doi/10.1126/science.281.5375.398},
    doi = {10.1126/science.281.5375.398},
    issn = {00368075}
}

@article{Bernard2015EvolutionProducts,
    title = {{Evolution of tsunami warning systems and products}},
    year = {2015},
    journal = {Philosophical Transactions of the Royal Society A: Mathematical, Physical and Engineering Sciences},
    author = {Bernard, Eddie and Titov, Vasily},
    number = {2053},
    month = {10},
    pages = {20140371},
    volume = {373},
    url = {http://rsta.royalsocietypublishing.org/lookup/doi/10.1098/rsta.2014.0371 https://royalsocietypublishing.org/doi/10.1098/rsta.2014.0371},
    doi = {10.1098/rsta.2014.0371},
    issn = {1364503X},
    keywords = {Deep-ocean assessment and reporting of tsunamis, Tsunami, Tsunami flooding forecasts, Tsunami magnitude scale, Tsunami warnings, Tsunami-induced current forecasts}
}

@article{Kerr2005FailureEffort,
    title = {{Failure to gauge the quake crippled the warning effort}},
    year = {2005},
    journal = {Science},
    author = {Kerr, Richard A.},
    number = {5707},
    pages = {201},
    volume = {307},
    doi = {10.1126/science.307.5707.201},
    issn = {00368075}
}

@article{2008FaultTrench,
    title = {{Fault models of unusual tsunami in the 17th century along the Kuril trench}},
    year = {2008},
    journal = {Earth, Planets and Space},
    number = {9},
    month = {1},
    pages = {925--935},
    volume = {60},
    url = {http://earth-planets-space.springeropen.com/articles/10.1186/BF03352848 http://file//localhost(null) papers3://publication/doi/10.1186/bf03352848},
    doi = {10.1186/BF03352848},
    issn = {1880-5981},
    keywords = {Kuril trench, Multi-segment earthquake, Numerical simulation, Paleoseismology, Tsunami, Tsunami deposit}
}

@article{Shao2011FocalWaves,
    title = {{Focal mechanism and slip history of the 2011 M w 9.1 off the Pacific coast of Tohoku Earthquake, constrained with teleseismic body and surface waves}},
    year = {2011},
    journal = {Earth, Planets and Space},
    author = {Shao, Guangfu and Li, Xiangyu and Ji, Chen and Maeda, Takahiro},
    number = {7},
    month = {9},
    pages = {559--564},
    volume = {63},
    url = {http://link.springer.com/10.5047/eps.2011.06.028 file:///Users/kitty/Library/Mobile Documents/com~apple~CloudDocs/Papers/Papers Library/Files/24/244A361D-DED6-4968-A3B2-633DFB89C6C0.pdf papers3://publication/doi/10.5047/eps.2011.06.028 http://file//localh},
    doi = {10.5047/eps.2011.06.028},
    issn = {1343-8832}
}

@misc{Ahnert2010FunctionalBasins,
    title = {{Functional relationships between denudation, relief, and uplift in large, mid-latitude drainage basins}},
    year = {2010},
    booktitle = {American Journal of Science},
    author = {Ahnert, F.},
    number = {3},
    pages = {243--263},
    volume = {268},
    doi = {10.2475/ajs.268.3.243},
    issn = {0002-9599}
}

@article{Wells2014GeologicHotspot,
    title = {{Geologic history of Siletzia, a large igneous province in the Oregon and Washington Coast Range: Correlation to the geomagnetic polarity time scale and implications for a long-lived Yellowstone hotspot}},
    year = {2014},
    journal = {Geosphere},
    author = {Wells, Ray and Bukry, David and Friedman, Richard and Pyle, Doug and Duncan, Robert and Haeussler, Peter and Wooden, Joe},
    number = {4},
    month = {8},
    pages = {692--719},
    volume = {10},
    url = {http://pubs.geoscienceworld.org/geosphere/article/10/4/692/132166/Geologic-history-of-Siletzia-a-large-igneous},
    doi = {10.1130/GES01018.1},
    issn = {1553040X}
}

@article{Camp1981GeologicProvince.,
    title = {{Geologic studies of the Columbia Plateau: Part I. Late Cenozoic evolution of the southeast part of the Columbia River Basalt Province.}},
    year = {1981},
    journal = {Geological Society of America Bulletin},
    author = {Camp, V. E. and Hooper, P. R.},
    number = {9 pt 1},
    pages = {659--668},
    volume = {92},
    doi = {10.1130/0016-7606(1981)92<659:GSOTCP>2.0.CO;2},
    issn = {00167606},
    keywords = {basalt, cenozoic, epeirogenic movement, geology, geomorphology, plateau, volcanism}
}

@article{Plafker2008GeologicalEarthquakes,
    title = {{Geological and geophysical evaluation of the mechanisms of the great 1899 Yakutat Bay earthquakes}},
    year = {2008},
    journal = {Geophysical Monograph Series},
    author = {Plafker, George and Thatcher, Wayne},
    month = {1},
    pages = {215--236},
    volume = {179},
    url = {http://onlinelibrary.wiley.com/doi/10.1029/179GM12/summary http://file//localhost(null) papers3://publication/doi/10.1029/179gm12},
    isbn = {9781118666395},
    doi = {10.1029/179GM12},
    issn = {23288779}
}

@article{2008GlobalCarbon,
    title = {{Global and regional climate changes due to black carbon}},
    year = {2008},
    journal = {Nature Geoscience},
    number = {4},
    month = {10},
    pages = {221--227},
    volume = {1},
    url = {file:///Users/kitty/Library/Mobile Documents/com~apple~CloudDocs/Papers/Papers Library/Files/C8/C8888645-806B-4DDA-A1E8-B0B52AE54F4D.pdf papers3://publication/uuid/B548918C-94AD-492C-A9C9-D07199AA71EB},
    doi = {10.1038/ngeo156},
    issn = {1752-0908},
    keywords = {aethalometer, atmospheric sciences, black carbon, carbon dioxide, climate change, climatology, geology, global warming, solar irradiance, soot, tropics}
}

@article{Becker2009GlobalSRTM30_PLUS,
    title = {{Global Bathymetry and Elevation Data at 30 Arc Seconds Resolution: SRTM30{\_}PLUS}},
    year = {2009},
    journal = {Marine Geodesy},
    author = {Becker, J. J. and Sandwell, D. T. and Smith, W. H. F. and Braud, J. and Binder, B. and Depner, J. and Fabre, D. and Factor, J. and Ingalls, S. and Kim, S-H. and Ladner, R. and Marks, K. and Nelson, S. and Pharaoh, A. and Trimmer, R. and Von Rosenberg, J. and Wallace, G. and Weatherall, P.},
    number = {4},
    month = {11},
    pages = {355--371},
    volume = {32},
    publisher = {Taylor {\&} Francis Group},
    url = {http://www.tandfonline.com/doi/abs/10.1080/01490410903297766 papers3://publication/doi/10.1080/01490410903297766},
    doi = {10.1080/01490410903297766},
    issn = {0149-0419},
    keywords = {Global bathymetry, Satellite altimetry}
}

@article{Nelson2006GreatZone,
    title = {{Great earthquakes of variable magnitude at the Cascadia subduction zone}},
    year = {2006},
    journal = {Quaternary Research},
    author = {Nelson, Alan R. and Kelsey, Harvey M. and Witter, Robert C.},
    number = {3},
    month = {1},
    pages = {354--365},
    volume = {65},
    url = {http://file//localhost(null) papers3://publication/doi/10.1016/j.yqres.2006.02.009},
    doi = {10.1016/j.yqres.2006.02.009},
    issn = {00335894},
    keywords = {Coseismic subsidence, Earthquake hazards, Earthquake recurrence, Paleoseismology, Plate-boundary earthquakes, Radiocarbon correlation, Subduction zone, Tsunami deposit}
}

@article{Nelson2008Great-earthquakeUSA,
    title = {{Great-earthquake paleogeodesy and tsunamis of the past 2000 years at Alsea Bay, central Oregon coast, USA}},
    year = {2008},
    journal = {Quaternary Science Reviews},
    author = {Nelson, Alan R. and Sawai, Yuki and Jennings, Anne E. and Bradley, Lee Ann and Gerson, Linda and Sherrod, Brian L. and Sabean, Jennifer and Horton, Benjamin P.},
    number = {7-8},
    month = {4},
    pages = {747--768},
    volume = {27},
    url = {http://linkinghub.elsevier.com/retrieve/pii/S0277379108000024 http://file//localhost(null) papers3://publication/doi/10.1016/j.quascirev.2008.01.001},
    doi = {10.1016/j.quascirev.2008.01.001},
    issn = {02773791}
}

@article{Alley2009GreenlandTime,
    title = {{Greenland Ice Cores: Frozen in Time}},
    year = {2009},
    journal = {Scientific American},
    author = {Alley, Richard B. and Bender, Michael L.},
    number = {2},
    pages = {80--85},
    volume = {278},
    doi = {10.1038/scientificamerican0298-80},
    issn = {0036-8733}
}

@article{Fitzhugh2017HazardsIslands,
    title = {{Hazards, Impacts, and Resilience among Hunter-Gatherers of the Kuril Islands}},
    year = {2017},
    journal = {Surviving Sudden Environmental Change},
    author = {Fitzhugh, Ben},
    pages = {19--42},
    doi = {10.2307/j.ctt1wn0rbs.6}
}

@article{Wang2013HeterogeneousEstimates,
    title = {{Heterogeneous rupture in the great Cascadia earthquake of 1700 inferred from coastal subsidence estimates}},
    year = {2013},
    journal = {Journal of Geophysical Research: Solid Earth},
    author = {Wang, Pei Ling and Engelhart, Simon E. and Wang, Kelin and Hawkes, Andrea D. and Horton, Benjamin P. and Nelson, Alan R. and Witter, Robert C.},
    number = {5},
    month = {5},
    pages = {2460--2473},
    volume = {118},
    publisher = {Wiley Online Library},
    url = {http://doi.wiley.com/10.1002/jgrb.50101 http://file//localhost(null) papers3://publication/doi/10.1002/jgrb.50101},
    doi = {10.1002/jgrb.50101},
    issn = {21699356}
}

@article{Luthi2008High-resolutionPresent,
    title = {{High-resolution carbon dioxide concentration record 650,000-800,000 years before present}},
    year = {2008},
    journal = {Nature},
    author = {L{\"{u}}thi, Dieter and Le Floch, Martine and Bereiter, Bernhard and Blunier, Thomas and Barnola, Jean Marc and Siegenthaler, Urs and Raynaud, Dominique and Jouzel, Jean and Fischer, Hubertus and Kawamura, Kenji and Stocker, Thomas F.},
    number = {7193},
    pages = {379--382},
    volume = {453},
    doi = {10.1038/nature06949},
    issn = {14764687}
}

@article{Eddy2016High-resolutionWashington,
    title = {{High-resolution temporal and stratigraphic record of Siletzia's accretion and triple junction migration from nonmarine sedimentary basins in central and western Washington}},
    year = {2016},
    journal = {Bulletin of the Geological Society of America},
    author = {Eddy, Michael P. and Bowring, Samuel A. and Umhoefer, Paul J. and Miller, Robert B. and McLean, Noah M. and Donaghy, Erin E.},
    number = {3-4},
    month = {1},
    pages = {425--441},
    volume = {128},
    url = {https://pubs.geoscienceworld.org/gsabulletin/article/128/3-4/425-441/126182 http://file//localhost(null) papers3://publication/doi/10.1130/b31335.1},
    doi = {10.1130/B31335.1},
    issn = {19432674}
}

@article{Pierson2014HydrogeomorphicBasins,
    title = {{Hydrogeomorphic Effects of Explosive Volcanic Eruptions on Drainage Basins}},
    year = {2014},
    journal = {Annual Review of Earth and Planetary Sciences},
    author = {Pierson, Thomas C. and Major, Jon J.},
    number = {1},
    month = {5},
    pages = {469--507},
    volume = {42},
    publisher = {Annual Reviews},
    url = {http://file//localhost(null) papers3://publication/doi/10.1146/annurev-earth-060313-054913},
    doi = {10.1146/annurev-earth-060313-054913},
    issn = {0084-6597}
}

@misc{Long1993IceWA,
    title = {{Ice Rafted Erratics in the Columbia and Wenatchee Valleys between Rock Island and Leavenworth, WA}},
    year = {1993},
    author = {Long, William A.},
    pages = {16}
}

@article{Obermann2013ImagingNoise,
    title = {{Imaging preeruptive and coeruptive structural and mechanical changes of a volcano with ambient seismic noise}},
    year = {2013},
    journal = {Journal of Geophysical Research: Solid Earth},
    author = {Obermann, A. and Plan{\`{e}}s, T. and Larose, E. and Campillo, M.},
    number = {12},
    month = {12},
    pages = {6285--6294},
    volume = {118},
    publisher = {Wiley Online Library},
    url = {http://file//localhost(null) papers3://publication/doi/10.1002/2013JB010399},
    doi = {10.1002/2013JB010399},
    issn = {2169-9356},
    keywords = {ambient seismic noise, monitoring, volcano}
}

@article{LePennec2012ImpactEcuador,
    title = {{Impact of tephra falls on Andean communities: The influences of eruption size and weather conditions during the 1999-2001 activity of Tungurahua volcano, Ecuador}},
    year = {2012},
    journal = {Journal of Volcanology and Geothermal Research},
    author = {Le Pennec, Jean Luc and Ruiz, Gorki A. and Ram{\'{o}}n, Patricio and Palacios, Enrique and Mothes, Patricia and Yepes, Hugo},
    number = {August 2006},
    pages = {91--103},
    volume = {217-218},
    publisher = {Elsevier B.V.},
    url = {http://dx.doi.org/10.1016/j.jvolgeores.2011.06.011},
    doi = {10.1016/j.jvolgeores.2011.06.011},
    issn = {03770273},
    keywords = {Andean communities, Ash fall, Ecuador, Tephra volume, Tungurahua volcano, Weather conditions}
}

@article{Bakun2005ImplicationsEarthquake,
    title = {{Implications for prediction and hazard assessment from the 2004 Parkfield earthquake}},
    year = {2005},
    journal = {Nature},
    author = {Bakun, W. H. and Aagaard, B. and Dost, B. and Ellsworth, W. L. and Hardebeck, J. L. and Harris, R. A. and Ji, C. and Johnston, M. J.S. and Langbein, J. and Lienkaemper, J. J. and Michael, A. J. and Murray, J. R. and Nadeau, R. M. and Reasenberg, P. A. and Reichle, M. S. and Roeloffs, E. A. and Shakal, A. and Simpson, R. W. and Waldhauser, F.},
    number = {7061},
    month = {10},
    pages = {969--974},
    volume = {437},
    url = {http://file//localhost(null) papers3://publication/doi/10.1038/nature04067},
    doi = {10.1038/nature04067},
    issn = {14764687}
}

@article{Fee2010InfrasoundActivity,
    title = {{Infrasound from Tungurahua Volcano 2006-2008: Strombolian to Plinian eruptive activity}},
    year = {2010},
    journal = {Journal of Volcanology and Geothermal Research},
    author = {Fee, David and Garces, Milton and Steffke, Andrea},
    number = {1-2},
    month = {6},
    pages = {67--81},
    volume = {193},
    publisher = {Elsevier B.V.},
    url = {http://dx.doi.org/10.1016/j.jvolgeores.2010.03.006 http://file//localhost(null) papers3://publication/doi/10.1016/j.jvolgeores.2010.03.006},
    doi = {10.1016/j.jvolgeores.2010.03.006},
    issn = {03770273},
    keywords = {Infrasound, Jet noise, Plinian, Tungurahua, Volcano acoustics}
}

@article{Lay2011InsightsToday,
    title = {{Insights from the great 2011 Japan earthquake Additional resources for Physics Today}},
    year = {2011},
    journal = {Citation: Phys. Today},
    author = {Lay, Thorne and Kanamori, Hiroo},
    number = {12},
    month = {12},
    pages = {33},
    volume = {64},
    url = {http://dx.doi.org/10.1063/PT.3.1361http://www.physicstoday.org/resource/1/PHTOAD/v64/i12http://www.physicstoday.org/Information:http://www.physicstoday.org/about_usDailyEdition:http://www.physicstoday.org/daily_edition},
    doi = {10.1063/PT.3.1361}
}

@article{Hoechner2013InstantStudy,
    title = {{Instant tsunami early warning based on real-time GPS – Tohoku 2011 case study}},
    year = {2013},
    journal = {Natural Hazards and Earth System Sciences},
    author = {Hoechner, A. and Ge, M. and Babeyko, A. Y. and Sobolev, S. V.},
    number = {5},
    month = {5},
    pages = {1285--1292},
    volume = {13},
    url = {http://www.nat-hazards-earth-syst-sci.net/13/1285/2013/ https://www.nat-hazards-earth-syst-sci.net/13/1285/2013/},
    doi = {10.5194/nhess-13-1285-2013},
    issn = {1684-9981},
    keywords = {Environmental sciences, Environmental technology. Sanitary engineering, G, GE1-350, Geography. Anthropology. Recreation, Geology, QE1-996.5, TD1-1066}
}

@article{Hoechner2013InstantStudyb,
    title = {{Instant tsunami early warning based on real-time GPS-Tohoku 2011 case study}},
    year = {2013},
    journal = {Natural Hazards and Earth System Science},
    author = {Hoechner, A. and Ge, M. and Babeyko, A. Y. and Sobolev, S. V.},
    number = {5},
    pages = {1285--1292},
    volume = {13},
    doi = {10.5194/nhess-13-1285-2013},
    issn = {15618633}
}

@article{Yue2011Inversion9.1,
    title = {{Inversion of high-rate (1 sps) GPS data for rupture process of the 11 March 2011 Tohoku earthquake (M<inf>w</inf> 9.1)}},
    year = {2011},
    journal = {Geophysical Research Letters},
    author = {Yue, H. and Lay, T.},
    number = {17},
    month = {9},
    pages = {n/a-n/a},
    volume = {38},
    url = {file:///Users/kitty/Library/Mobile Documents/com~apple~CloudDocs/Papers/Papers Library/Files/37/37332D55-888E-48B2-853F-48AA164CA132.pdf papers3://publication/doi/10.1029/2011GL048700},
    doi = {10.1029/2011GL048700},
    issn = {00948276}
}

@article{Mulhern2017Is,
    title = {{Is barrier island morphology a function of tidal and wave regime ?}},
    year = {2017},
    journal = {Marine Geology},
    author = {Mulhern, Julia S and Johnson, Cari L and Martin, John M},
    pages = {74--84},
    volume = {387},
    publisher = {Elsevier B.V.},
    url = {http://dx.doi.org/10.1016/j.margeo.2017.02.016},
    doi = {10.1016/j.margeo.2017.02.016},
    issn = {0025-3227}
}

@article{2017JournalOceans,
    title = {{Journal of Geophysical Research : Oceans}},
    year = {2017},
    pages = {3152--3169},
    doi = {10.1002/2016JC012545.Received}
}

@article{Yi2016JournalEarth,
    title = {{Journal of Geophysical Research : Solid Earth}},
    year = {2016},
    journal = {Journal of Geophysical Research: Solid Earth},
    author = {Yi, Shuang and Wang, Qiuyu and Sun, Wenke},
    pages = {3782--3803},
    doi = {10.1002/2015JB012608.Received},
    keywords = {10.1002/2015JB012608 and GRACE, groundwater depletion, mass balance, mass in Tibetan Plateau, multibasin inversion, water resource management in China}
}

@article{Melgar2015JournalRunup,
    title = {{Journal of Geophysical Research : Solid Earth Kinematic earthquake source inversion and tsunami runup}},
    year = {2015},
    journal = {Journal of Geophysical Research : Solid Earth},
    author = {Melgar, D and Bock, Y},
    pages = {1--26},
    doi = {10.1002/2014JB011832.Rapid},
    keywords = {10.1002/2014JB011832 and Kinematic inversion, Tsunami inundation}
}

@article{Melgar2015KinematicData,
    title = {{Kinematic earthquake source inversion and tsunami runup prediction with regional geophysical data}},
    year = {2015},
    journal = {Journal of Geophysical Research: Solid Earth},
    author = {Melgar, D. and Bock, Y.},
    number = {5},
    month = {5},
    pages = {3324--3349},
    volume = {120},
    publisher = {Wiley Online Library},
    url = {http://doi.wiley.com/10.1002/2014JB011832 http://file//localhost(null) papers3://publication/doi/10.1002/2014JB011832},
    doi = {10.1002/2014JB011832},
    issn = {21699356},
    keywords = {Kinematic inversion, Tsunami inundation}
}

@article{East2015Large-scaleChange,
    title = {{Large-scale dam removal on the Elwha River, Washington, USA: River channel and floodplain geomorphic change}},
    year = {2015},
    journal = {Geomorphology},
    author = {East, Amy E. and Logan, Joshua B. and Pess, George R. and Liermann, Martin C. and Beechie, Timothy J. and Bountry, Jennifer A. and Randle, Timothy J. and Magirl, Christopher S. and Mastin, Mark C. and Ritchie, Andrew C. and Minear, Justin T. and Duda, Jeffrey J. and McHenry, Michael L. and Shafroth, Patrick B.},
    month = {1},
    pages = {765--786},
    volume = {228},
    publisher = {Elsevier B.V.},
    url = {http://file//localhost(null) papers3://publication/doi/10.1016/j.geomorph.2014.08.028 http://dx.doi.org/10.1016/j.geomorph.2014.08.028},
    doi = {10.1016/j.geomorph.2014.08.028},
    issn = {0169-555X},
    keywords = {Channel evolution, Dam removal, Dams, Floodplain, Fluvial geomorphology, Sediment wave}
}

@article{Waitt1979LateWashington,
    title = {{Late Cenozoic Deposits, Landforms, Stratigraphy, and Tectonism in Kittitas Valley, Washington}},
    year = {1979},
    journal = {Geological Survey Professional Paper 1127},
    author = {Waitt, Richard},
    month = {1},
    url = {http://file//localhost(null) papers3://publication/uuid/66FBD6A7-29A6-4E1A-A67E-6F5A61755218}
}

@article{Few2017LivingActivity,
    title = {{Living with Volcan Tungurahua: The dynamics of vulnerability during prolonged volcanic activity}},
    year = {2017},
    journal = {Geoforum},
    author = {Few, Roger and Armijos, Maria Teresa and Barclay, Jenni},
    month = {1},
    pages = {72--81},
    volume = {80},
    url = {https://linkinghub.elsevier.com/retrieve/pii/S0016718517300040 file:///Users/kitty/Library/Mobile Documents/com~apple~CloudDocs/Papers/Papers Library/Files/55/55AFABD3-12D4-492B-BF5E-66A03C2E13EF.pdf papers3://publication/doi/10.1016/j.geoforum.2017.01.00},
    doi = {10.1016/j.geoforum.2017.01.006},
    issn = {00167185},
    keywords = {Hazard, Livelihoods, Resettlement, Volcano, Vulnerability, Wellbeing}
}

@article{Mcconnell2013LocalOregon,
    title = {{Local Source ( Cascadia Subduction Zone ) Tsunami Inundation Map Gearhart - Seaside , Oregon}},
    year = {2013},
    author = {Mcconnell, Vicki S and Geologist, State and Inundation, Tsunami and Seaside, Gearhart},
    keywords = {tsunami, inundation zones, hazards, Cascadia Subdu}
}

@article{Melgar2016LocalEvents,
    title = {{Local tsunami warnings: Perspectives from recent large events}},
    year = {2016},
    journal = {Geophysical Research Letters},
    author = {Melgar, Diego and Allen, Richard M. and Riquelme, Sebastian and Geng, Jianghui and Bravo, Francisco and Baez, Juan Carlos and Parra, Hector and Barrientos, Sergio and Fang, Peng and Bock, Yehuda and Bevis, Michael and Caccamise, Dana J. and Vigny, Christophe and Moreno, Marcos and Smalley, Robert},
    number = {3},
    month = {2},
    pages = {1109--1117},
    volume = {43},
    url = {http://doi.wiley.com/10.1002/2015GL067100 papers3://publication/doi/10.1002/2015gl067100},
    doi = {10.1002/2015GL067100},
    issn = {19448007},
    keywords = {tsunami warning}
}

@article{Geist1999LocalSource,
    title = {{Local tsunamis and distributed slip at the source}},
    year = {1999},
    journal = {Pure and Applied Geophysics},
    author = {Geist, Eric L. and Dmowska, Renata},
    number = {3-4},
    month = {6},
    pages = {485--512},
    volume = {154},
    publisher = {Springer International Publishing},
    url = {http://link.springer.com/10.1007/s000240050241 http://file//localhost(null) papers3://publication/doi/10.1007/s000240050241},
    doi = {10.1007/s000240050241},
    issn = {00334553},
    keywords = {Coseismic displacement, Crack, Nonuniform slip, Source parameters, Tsunami, Tsunami runup}
}

@article{Chouet1996Long-periodForecasting,
    title = {{Long-period volcano seismicity: Its source and use in eruption forecasting}},
    year = {1996},
    journal = {Nature},
    author = {Chouet, Bernard A.},
    number = {6572},
    month = {3},
    pages = {309--316},
    volume = {380},
    url = {file:///Users/kitty/Library/Mobile Documents/com~apple~CloudDocs/Papers/Papers Library/Files/1D/1D6BCC4C-F463-4DED-96D8-F16C0CB57254.pdf papers3://publication/doi/10.1038/380309a0 http://www.nature.com/articles/380309a0},
    doi = {10.1038/380309a0},
    issn = {00280836}
}

@misc{Mechanism.pdf,
    title = {{Mechanism of Tsunami Earthquake  金森先生.pdf}}
}

@article{Kanamori1972MechanismEarthquakes,
    title = {{Mechanism of tsunami earthquakes}},
    year = {1972},
    journal = {Physics of the Earth and Planetary Interiors},
    author = {Kanamori, Hiroo},
    number = {5},
    month = {1},
    pages = {346--359},
    volume = {6},
    url = {https://linkinghub.elsevier.com/retrieve/pii/0031920172900581},
    doi = {10.1016/0031-9201(72)90058-1},
    issn = {00319201}
}

@article{Wang2012MorphodynamicsSystem,
    title = {{Morphodynamics of the Wadden Sea and its barrier island system}},
    year = {2012},
    journal = {Ocean and Coastal Management},
    author = {Wang, Z. B. and Hoekstra, P. and Burchard, H. and Ridderinkhof, H. and De Swart, H. E. and Stive, M. J.F.},
    pages = {39--57},
    volume = {68},
    publisher = {Elsevier Ltd},
    url = {http://dx.doi.org/10.1016/j.ocecoaman.2011.12.022},
    doi = {10.1016/j.ocecoaman.2011.12.022},
    issn = {09645691}
}

@article{Sousa1995Multiple-pulsedSimulations,
    title = {{Multiple-pulsed debris avalanche emplacement at Mount St. Helens in 1980: Evidence from numerical continuum flow simulations}},
    year = {1995},
    journal = {Journal of Volcanology and Geothermal Research},
    author = {Sousa, James and Voight, Barry},
    number = {1-4},
    month = {7},
    pages = {227--250},
    volume = {66},
    publisher = {Elsevier B.V.},
    url = {https://linkinghub.elsevier.com/retrieve/pii/037702739400067Q},
    doi = {10.1016/0377-0273(94)00067-Q},
    issn = {03770273}
}

@article{Etheridge1996NaturalFirn,
    title = {{Natural and anthropogenic changes in atmospheric CO2 over the last 1000 years from air in Antarctic ice and firn}},
    year = {1996},
    journal = {Journal of Geophysical Research Atmospheres},
    author = {Etheridge, D. M. and Steele, L. P. and Langenfelds, R. L. and Francey, R. J. and Barnola, J. M. and Morgan, V. I.},
    number = {D2},
    pages = {4115--4128},
    volume = {101},
    isbn = {0148-0227},
    doi = {10.1029/95JD03410},
    issn = {01480227},
    pmid = {10668389}
}

@article{Melgar2013Near-fieldWarning,
    title = {{Near-field tsunami models with rapid earthquake source inversions from land- and ocean-based observations: The potential for forecast and warning}},
    year = {2013},
    journal = {Journal of Geophysical Research: Solid Earth},
    author = {Melgar, Diego and Bock, Yehuda},
    number = {11},
    month = {11},
    pages = {5939--5955},
    volume = {118},
    publisher = {Wiley Online Library},
    url = {file:///Users/kitty/Library/Mobile Documents/com~apple~CloudDocs/Papers/Papers Library/Files/01/01318B84-0838-484F-8426-170DBE68E3BD.pdf papers3://publication/doi/10.1002/2013JB010506},
    doi = {10.1002/2013JB010506},
    issn = {21699356},
    keywords = {Tsunami early warning}
}

@article{Fletcher1999NewBlock,
    title = {{New GPS constraints on the motion of the Yakutat block}},
    year = {1999},
    journal = {Geophysical Research Letters},
    author = {Fletcher, Hilary J. and Freymueller, Jeffrey T.},
    number = {19},
    month = {1},
    pages = {3029--3032},
    volume = {26},
    url = {http://gateway.webofknowledge.com/gateway/Gateway.cgi?GWVersion=2&SrcAuth=mekentosj&SrcApp=Papers&DestLinkType=FullRecord&DestApp=WOS&KeyUT=000082960700034 file:///Users/kitty/Library/Mobile Documents/com~apple~CloudDocs/Papers/Papers Library/Files/56/560},
    doi = {10.1029/1999GL005346},
    issn = {00948276}
}

@article{.No,
    title = {{No Titleالاجراءات الجنائية}},
    author = {{م.سلامة}},
    number = {March 1985}
}

@article{NoTitle,
    title = {{No Titleالملاحق}},
    number = {c},
    pages = {2--6}
}

@article{Gutierrez2005NOAA2005,
    title = {{NOAA Technical Memorandum OAR PMEL-129 A DIGITAL ELEVATION MODEL FOR SEASIDE , OREGON : PROCEDURES , DATA SOURCES , AND ANALYSES Angie J . Venturato Pacific Marine Environmental Laboratory Seattle , WA November 2005}},
    year = {2005},
    author = {Gutierrez, Carlos M}
}

@article{Tang2008NOAAWA,
    title = {{NOAA Technical Memorandum OAR PMEL-141 DEVELOPING TSUNAMI FORECAST INUNDATION MODELS FOR HAWAII : PROCEDURES AND TESTING Joint Institute for the Study of the Atmosphere and Ocean ( JISAO ) Pacific Marine Environmental Laboratory Seattle , WA}},
    year = {2008},
    author = {Tang, Liujuan and Chamberlin, Christopher D and Titov, Vasily V}
}

@article{Benito2003NumberOregon,
    title = {{Number and size of last-glacial Missoula floods in the Columbia River valley between the Pasco Basin, Washington, and Portland, Oregon}},
    year = {2003},
    journal = {Bulletin of the Geological Society of America},
    author = {Benito, Gerardo and O'Connor, Jim E.},
    number = {5},
    month = {5},
    pages = {624--638},
    volume = {115},
    publisher = {Geological Society of America},
    url = {http://file//localhost(null) (null)},
    doi = {10.1130/0016-7606(2003)115<0624:NASOLM>2.0.CO;2},
    issn = {00167606},
    keywords = {Columbia basin, Fluvial features, Missoula floods, Quaternary, Radiocarbon dating}
}

@article{Lu2018NumericalSystem,
    title = {{Numerical investigation of excessive surge induced by wave overtopping in an inlet-bay system}},
    year = {2018},
    journal = {Coastal Engineering},
    author = {Lu, Yang and Shi, Fengyan and Kobayashi, Nobuhisa and Malej, Matt and Zhu, Tingting and Feng, Weibing},
    number = {June},
    pages = {383--394},
    volume = {140},
    publisher = {Elsevier},
    url = {https://doi.org/10.1016/j.coastaleng.2018.08.009},
    doi = {10.1016/j.coastaleng.2018.08.009},
    issn = {03783839},
    keywords = {Inland bays, Inlet, Numerical simulation, Overtopping-induced surge (OIS), Storm surge}
}

@article{KowalikZygmuntKnightWilliamLoganTomWhitemore2005NUMERICAL2004,
    title = {{NUMERICAL MODELING OF THE GLOBAL TSUNAMI: Indonesian Tsunami of 26 December 2004}},
    year = {2005},
    journal = {Science of Tsunami Hazards},
    author = {Kowalik, Zygmunt; Knight, William; Logan, Tom; Whitemore, Paul},
    number = {1},
    month = {3},
    pages = {40--56},
    volume = {23},
    url = {http://ww.w.tsunamisociety.org/231kowalik.pdf},
    issn = {8755-6839},
    keywords = {GC1-1581, Oceanography, earthquakes, numerical modeling, tsunami 2004, tsunami modeling, tsunamis}
}

@article{KRAUS2008NumericalBreaching,
    title = {{Numerical Morphologic Model of Barrier Island Breaching}},
    year = {2008},
    author = {KRAUS, NICHOLAS C. and HAYASHI, KENTARO},
    pages = {2120--2132},
    doi = {10.1142/9789812701916{\_}0170}
}

@article{Lindemer2010NumericalKatrina,
    title = {{Numerical simulation of a low-lying barrier island's morphological response to Hurricane Katrina}},
    year = {2010},
    journal = {Coastal Engineering},
    author = {Lindemer, C. A. and Plant, N. G. and Puleo, J. A. and Thompson, D. M. and Wamsley, T. V.},
    number = {11-12},
    pages = {985--995},
    volume = {57},
    publisher = {Elsevier B.V.},
    url = {http://dx.doi.org/10.1016/j.coastaleng.2010.06.004},
    doi = {10.1016/j.coastaleng.2010.06.004},
    issn = {03783839},
    keywords = {Barrier Islands, Chandeleur Islands, Coastal processes, Hurricanes, Numerical modeling, XBeach}
}

@article{Pan2010NumericalEarthquake,
    title = {{Numerical simulations of the coastal effects of tsunami waves caused by the 1993 Hokkaido-Nansei-Oki earthquake}},
    year = {2010},
    journal = {Chinese Journal of Oceanology and Limnology},
    author = {Pan, Wenliang and Wang, Sheng'an and Cai, Shuqun},
    number = {5},
    month = {9},
    pages = {1029--1039},
    volume = {28},
    publisher = {SP Science Press},
    url = {http://link.springer.com/10.1007/s00343-010-9041-2 file:///Users/kitty/Library/Mobile Documents/com~apple~CloudDocs/Papers/Papers Library/Files/25/25F8A1BD-71AB-4625-B8BD-C17CFECCDFBF.pdf papers3://publication/doi/10.1007/s00343-010-9041-2},
    doi = {10.1007/s00343-010-9041-2},
    issn = {02544059},
    keywords = {coastal effects, inundation, numerical modeling, runup, tsunami}
}

@article{2008Of:,
    title = {{of Changes Climatic Observations and Last the Model Years :}},
    year = {2008},
    journal = {Advancement Of Science},
    number = {4869},
    pages = {1043--1052},
    volume = {241}
}

@article{Nelson1996OFSequences,
    title = {{OF GEOPHYSICAL Identifying coseismic subsidence in tidal-wetland stratigraphic sequences}},
    year = {1996},
    journal = {Jouｒnal of Geophysical Research},
    author = {Nelson, Alan R and Shennan, Ian and Long, Antony J},
    pages = {6115--6135},
    volume = {101},
    keywords = {http://dx.doi.org/10.1029/95JB01051, doi:10.1029/9}
}

@article{Hirshorn2013OnEarthquake,
    title = {{On the Application of Mwp in the Near Field and the March 11, 2011 Tohoku Earthquake}},
    year = {2013},
    journal = {Pure and Applied Geophysics},
    author = {Hirshorn, Barry and Weinstein, Stuart and Tsuboi, Seiji},
    number = {6-8},
    month = {1},
    pages = {975--991},
    volume = {170},
    publisher = {Springer International Publishing},
    url = {http://link.springer.com/article/10.1007/s00024-012-0495-3 http://file//localhost(null) papers3://publication/doi/10.1007/s00024-012-0495-3},
    doi = {10.1007/s00024-012-0495-3},
    issn = {00334553}
}

@article{Spencer2004OpticallyMethods,
    title = {{Optically stimulated luminescence dating of Late Quaternary glaciogenic sediments in the upper Hunza valley: Validating the timing of glaciation and assessing dating methods}},
    year = {2004},
    journal = {Quaternary Science Reviews},
    author = {Spencer, Joel Q. and Owen, Lewis A.},
    number = {1-2},
    month = {1},
    pages = {175--191},
    volume = {23},
    url = {file:///Users/kitty/Library/Mobile Documents/com~apple~CloudDocs/Papers/Papers Library/Files/2F/2F812382-F1EF-4339-9982-3E379BFFE2DD.pdf papers3://publication/doi/10.1016/s0277-3791(03)00220-8},
    doi = {10.1016/S0277-3791(03)00220-8},
    issn = {02773791}
}

@article{Madsen2009OpticallyReview,
    title = {{Optically stimulated luminescence dating of young sediments: A review}},
    year = {2009},
    journal = {Geomorphology},
    author = {Madsen, A. T. and Murray, A. S.},
    number = {1-2},
    pages = {3--16},
    volume = {109},
    doi = {10.1016/j.geomorph.2008.08.020},
    issn = {0169555X},
    keywords = {Aeolian sediments, Late-Holocene, OSL dating, Water-lain sediments, Young sediments}
}

@article{Liu2012OriginSlab,
    title = {{Origin of Columbia River flood basalt controlled by propagating rupture of the Farallon slab}},
    year = {2012},
    journal = {Nature},
    author = {Liu, Lijun and Stegman, Dave R.},
    number = {7385},
    pages = {386--389},
    volume = {482},
    publisher = {Nature Publishing Group},
    url = {http://dx.doi.org/10.1038/nature10749},
    doi = {10.1038/nature10749},
    issn = {00280836}
}

@article{Ozaki2011Outline9.0,
    title = {{Outline of the 2011 off the Pacific coast of Tohoku Earthquake (M w 9.0)}},
    year = {2011},
    journal = {Earth, Planets and Space},
    author = {Ozaki, Tomoaki},
    number = {7},
    month = {5},
    pages = {827--830},
    volume = {63},
    publisher = {Springer Berlin Heidelberg},
    url = {http://link.springer.com/10.5047/eps.2011.05.031 file:///Users/kitty/Library/Mobile Documents/com~apple~CloudDocs/Papers/Papers Library/Files/56/568D226C-4372-42E4-BF7D-442540297B37.pdf papers3://publication/doi/10.5047/eps.2011.05.031},
    doi = {10.5047/eps.2011.06.029},
    issn = {1343-8832}
}

@article{Scott2008OverviewWashington,
    title = {{Overview of the 2004 to 2006, and continuing, eruption of Mount St. Helens, Washington}},
    year = {2008},
    journal = {US Geological Survey Professional Paper},
    author = {Scott, William E. and Sherrod, David R. and Gardner, Cynthia A.},
    number = {1750},
    pages = {3--22},
    doi = {10.3133/pp17501},
    issn = {1044-9612},
    keywords = {geology, seismology, volcano}
}

@article{SrinivasaKumar2012PerformanceOcean,
    title = {{Performance of the tsunami forecast system for the Indian Ocean}},
    year = {2012},
    journal = {Current Science},
    author = {Srinivasa Kumar, T. and Nayak, Shailesh and Kumar, Patanjali and Yadav, R. B.S. and Kumar, Ajay and Sunanda, M. V. and Uma Devi, E. and Shenoi, S. S.C.},
    number = {1},
    month = {1},
    pages = {110--114},
    volume = {102},
    url = {http://gateway.webofknowledge.com/gateway/Gateway.cgi?GWVersion=2&SrcAuth=mekentosj&SrcApp=Papers&DestLinkType=FullRecord&DestApp=WOS&KeyUT=000299916700023 http://file//localhost(null) papers3://publication/uuid/BF13499E-280B-437A-94E3-F68BD3ABB9A3},
    issn = {00113891},
    keywords = {Bottom pressure recorders, Indian tsunami early warning system, Tidal stations, Tsunami modelling and bulletins}
}

@article{Porter1976PleistoceneWashington,
    title = {{Pleistocene glaciation in the southern part of the North Cascade Range, Washington}},
    year = {1976},
    journal = {Bulletin of the Geological Society of America},
    author = {Porter, Stephen C.},
    number = {1},
    month = {1},
    pages = {61--75},
    volume = {87},
    url = {http://file//localhost(null) (null)},
    doi = {10.1130/0016-7606(1976)87<61:PGITSP>2.0.CO;2},
    issn = {19432674},
    keywords = {Glacial geology, Pleistocene, Stratigraphy}
}

@article{Pre-LateTerranes.,
    title = {{pre-Late Cretaceous tectonostratigraphic terranes.}},
    number = {Figure 1}
}

@article{Cisternas2005PredecessorsEarthquake,
    title = {{Predecessors of the giant 1960 Chile earthquake}},
    year = {2005},
    journal = {Nature},
    author = {Cisternas, Marco and Atwater, Brian F. and Torrej{\'{o}}n, Fernando and Sawai, Yuki and Machuca, Gonzalo and Lagos, Marcelo and Eipert, Annaliese and Youlton, Cristián and Salgado, Ignacio and Kamataki, Takanobu and Shishikura, Masanobu and Rajendran, C. P. and Malik, Javed K. and Rizal, Yan and Husni, Muhammad},
    number = {7057},
    month = {9},
    pages = {404--407},
    volume = {437},
    url = {http://www.nature.com/doifinder/10.1038/nature03943 http://www.nature.com/articles/nature03943},
    doi = {10.1038/nature03943},
    issn = {14764687},
    keywords = {C 14, C-14, Chile, Nazca Plate, South America, South American Plate, burial, dating, earthquakes, estuaries, fault displacements, history, magnitude, plate movement, rupture, sand, soils, stratigraphy, strike-slip faults, submergence, subsidence, tectonics, tsunamis}
}

@article{2017PREDICTIONAND,
    title = {{PREDICTION OF SMALL BAY FLOODING THROUGH TIDAL INLET AND}},
    year = {2017},
    pages = {2017},
    volume = {143}
}

@article{Chiaramonte2015ProbabilisticProject,
    title = {{Probabilistic geomechanical analysis of compartmentalization at the Sn{\o}hvit CO 2 sequestration project}},
    year = {2015},
    journal = {Journal of Geophysical Research: Solid Earth},
    author = {Chiaramonte, Laura and White, Joshua a and Trainor-Guitton, Whitney},
    number = {2},
    month = {2},
    pages = {1195--1209},
    volume = {120},
    url = {http://doi.wiley.com/10.1002/2014JB011376},
    doi = {10.1002/2014JB011376},
    issn = {21699313},
    keywords = {10.1002/2014JB011376 and geomechanics, CO2 sequestration, compartmentalized reservoirs, fault reactivation, in situ stress, uncertainty quantification}
}

@article{Plant2012ProbabilisticHurricanes,
    title = {{Probabilistic prediction of barrier-island response to hurricanes}},
    year = {2012},
    author = {Plant, Nathaniel G and Stockdon, Hilary F},
    number = {June},
    pages = {1--17},
    volume = {117},
    doi = {10.1029/2011JF002326},
    keywords = {beach, dune, erosion, lidar, shoreline}
}

@article{Gonzalez2009ProbabilisticSources,
    title = {{Probabilistic tsunami hazard assessment at Seaside, Oregon, for near-and far-field seismic sources}},
    year = {2009},
    journal = {Journal of Geophysical Research: Oceans},
    author = {Gonz{\'{a}}lez, F. I. and Geist, E. L. and Jaffe, B. and K{\^{a}}noǧlu, U. and Mofjeld, H. and Synolakis, C. E. and Titov, V. V. and Areas, D. and Bellomo, D. and Carlton, D. and Horning, T. and Johnson, J. and Newman, J. and Parsons, T. and Peters, R. and Peterson, C. and Priest, G. and Venturato, A. and Weber, J. and Wong, F. and Yalciner, A.},
    number = {11},
    month = {11},
    pages = {C11023},
    volume = {114},
    url = {http://doi.wiley.com/10.1029/2008JC005132},
    doi = {10.1029/2008JC005132},
    issn = {21699291},
    keywords = {bathymetry, geology, hazard analysis, risk assessment, sea level, seismic hazard, seismology, storm surge, subduction, uncertainty quantification}
}

@article{Levy2005PromotingTsunami,
    title = {{Promoting disaster-resilient communities: The great Sumatra - Andaman Earthquake of 26 December 2004 and the resulting Indian Ocean Tsunami}},
    year = {2005},
    journal = {International Journal of Water Resources Development},
    author = {Levy, Jason K. and Gopalakrishnan, Chennat},
    number = {4},
    pages = {543--559},
    volume = {21},
    isbn = {0790062050036},
    doi = {10.1080/07900620500363297},
    issn = {07900627}
}

@article{Hall2013PyroclasticCharacteristics,
    title = {{Pyroclastic density currents (PDC) of the 16-17 august 2006 eruptions of tungurahua volcano, ecuador: Geophysical registry and characteristics}},
    year = {2013},
    journal = {Journal of Volcanology and Geothermal Research},
    author = {Hall, Minard L. and Steele, Alexander L. and Mothes, Patricia A. and Ruiz, Mario C.},
    number = {C},
    month = {9},
    pages = {78--93},
    volume = {265},
    publisher = {Elsevier B.V.},
    url = {http://dx.doi.org/10.1016/j.jvolgeores.2013.08.011 papers3://publication/doi/10.1016/j.jvolgeores.2013.08.011 http://linkinghub.elsevier.com/retrieve/pii/S0377027313002539},
    doi = {10.1016/j.jvolgeores.2013.08.011},
    issn = {03770273},
    keywords = {2006 eruption chronology, Ecuador, Instrumental monitoring, PDC characteristics, Tungurahua}
}

@article{Ohta2012Quasi9.0,
    title = {{Quasi real-time fault model estimation for near-field tsunami forecasting based on RTK-GPS analysis: Application to the 2011 Tohoku-Oki earthquake (M w 9.0)}},
    year = {2012},
    journal = {Journal of Geophysical Research: Solid Earth},
    author = {Ohta, Yusaku and Kobayashi, Tatsuya and Tsushima, Hiroaki and Miura, Satoshi and Hino, Ryota and Takasu, Tomoji and Fujimoto, Hiromi and Iinuma, Takeshi and Tachibana, Kenji and Demachi, Tomotsugu and Sato, Toshiya and Ohzono, Mako and Umino, Norihito},
    number = {2},
    month = {2},
    pages = {n/a-n/a},
    volume = {117},
    url = {http://doi.wiley.com/10.1029/2011JB008750 http://file//localhost(null) papers3://publication/doi/10.1029/2011JB008750},
    doi = {10.1029/2011JB008750},
    issn = {21699356}
}

@article{Blewitt2006RapidSystems,
    title = {{Rapid determination of earthquake magnitude using GPS for tsunami warning systems}},
    year = {2006},
    journal = {Geophysical Research Letters},
    author = {Blewitt, Geoffrey and Kreemer, Corné and Hammond, William C. and Plag, Hans Peter and Stein, Seth and Okal, Emile},
    number = {11},
    month = {1},
    pages = {L11309},
    volume = {33},
    url = {http://doi.wiley.com/10.1029/2006GL026145},
    doi = {10.1029/2006GL026145},
    issn = {00948276}
}

@article{Melgar2013RapidSeismogeodesy,
    title = {{Rapid modeling of the 2011 Mw 9.0 Tohoku-oki earthquake with seismogeodesy}},
    year = {2013},
    journal = {Geophysical Research Letters},
    author = {Melgar, Diego and Crowell, Brendan W. and Bock, Yehuda and Haase, Jennifer S.},
    number = {12},
    month = {6},
    pages = {2963--2968},
    volume = {40},
    url = {http://file//localhost(null) papers3://publication/doi/10.1002/grl.50590},
    doi = {10.1002/grl.50590},
    issn = {00948276},
    keywords = {CMT, Tohoku-oki earthquake, rapid response, real time GPS, seismogeodesy, source model}
}

@article{Melgar2012Real-timeRecords,
    title = {{Real-time centroid moment tensor determination for large earthquakes from local and regional displacement records}},
    year = {2012},
    journal = {Geophysical Journal International},
    author = {Melgar, Diego and Bock, Yehuda and Crowell, Brendan W.},
    number = {2},
    month = {2},
    pages = {703--718},
    volume = {188},
    url = {http://file//localhost(null) papers3://publication/doi/10.1111/j.1365-246X.2011.05297.x https://academic.oup.com/gji/article-lookup/doi/10.1111/j.1365-246X.2011.05297.x},
    doi = {10.1111/j.1365-246X.2011.05297.x},
    issn = {0956540X},
    keywords = {Early warning, Earthquake source observations, Inverse theory, Satellite geodesy}
}

@article{Koyanagi2012Real-timeTsunami,
    title = {{Real-time forecasting of the April 11, 2012 Sumatra tsunami}},
    year = {2012},
    journal = {Geophysical Research Letters},
    author = {Koyanagi, Kanoa K. and Duputel, Zacharie and Weinstein, Stuart A. and Fryer, Gerard J. and Hsu, Vindell and Kanamori, Hiroo and Hirshorn, Barry F. and Sardi{\~{n}}a, Victor and Walsh, David and Shiro, Brian and McCreery, Charles S. and Rivera, Luis and Wang, Dailin and Becker, Nathan C. and Hayes, Gavin P.},
    number = {19},
    month = {10},
    pages = {n/a-n/a},
    volume = {39},
    publisher = {Wiley-Blackwell},
    url = {http://doi.wiley.com/10.1029/2012GL053081 file:///Users/kitty/Library/Mobile Documents/com~apple~CloudDocs/Papers/Papers Library/Files/A1/A1F6E9F0-8C04-41EF-895E-25F6FA6801F3.pdf papers3://publication/doi/10.1029/2012GL053081},
    doi = {10.1029/2012gl053081}
}

@article{Kanamori2005Real-TimeMitigation,
    title = {{Real-Time Seismology and Earthquake Damage Mitigation}},
    year = {2005},
    journal = {Annual Review of Earth and Planetary Sciences},
    author = {Kanamori, Hiroo},
    number = {1},
    pages = {195--214},
    volume = {33},
    url = {http://www.annualreviews.org/doi/10.1146/annurev.earth.33.092203.122626},
    doi = {10.1146/annurev.earth.33.092203.122626},
    issn = {0084-6597},
    keywords = {abstract real-time seismology refers, after a significant seismic, can, collected and analyzed quickly, earthquake early warning, earthquake prediction, earthquake rupture, event, hazard mitigation, so that the results, structural control, to a practice in, which seismic data are}
}

@article{Bock2011Real-timeAccelerometers,
    title = {{Real-time strong-motion broadband displacements from collocated GPS and accelerometers}},
    year = {2011},
    journal = {Bulletin of the Seismological Society of America},
    author = {Bock, Yehuda and Melgar, Diego and Crowell, Brendan W.},
    number = {6},
    month = {12},
    pages = {2904--2925},
    volume = {101},
    publisher = {GeoScienceWorld},
    url = {file:///Users/kitty/Library/Mobile Documents/com~apple~CloudDocs/Papers/Papers Library/Files/A6/A66FDE54-07D0-49AC-92AB-304EF193E11E.pdf papers3://publication/doi/10.1785/0120110007},
    doi = {10.1785/0120110007},
    issn = {00371106}
}

@incollection{Titov2005Real-timeSolutions,
    title = {{Real-time tsunami forecasting: Challenges and solutions}},
    year = {2005},
    booktitle = {Developing Tsunami-Resilient Communities: The National Tsunami Hazard Mitigation Program},
    author = {Titov, Vasily V. and Gonz{\'{a}}lez, Frank I. and Bernard, E. N. and Eble, Marie C. and Mofjeld, Harold O. and Newman, Jean C. and Venturato, Angie J.},
    number = {September 2016},
    month = {1},
    pages = {41--58},
    publisher = {Springer-Verlag},
    url = {http://link.springer.com/chapter/10.1007/1-4020-3607-8_3 http://link.springer.com/10.1007/1-4020-3607-8_3},
    address = {Berlin/Heidelberg},
    isbn = {1402033532},
    doi = {10.1007/1-4020-3607-8{\_}3},
    keywords = {data assimilation, data inversion, real-time forecast, tsunameters, tsunami, tsunami measurement, tsunami model, tsunami warning}
}

@article{Bock2012RealtimeAssessment,
    title = {{Real‐time inversion of GPS data for finite fault modeling and rapid hazard assessment}},
    year = {2012},
    journal = {Geophysical Research Letters},
    author = {Bock, Y and Melgar, D and Crowell, B W},
    number = {9},
    month = {5},
    pages = {n/a-n/a},
    volume = {39},
    url = {http://onlinelibrary.wiley.com/doi/10.1029/2012GL051318/pdf%5Cnfile:///Files/12/12C1A7F1-B415-4CA1-954C-FA4919E699A5.pdf}
}

@article{1997RecurrenceWashington.,
    title = {{Recurrence intervals for great earthquakes of the past 3, 500 years at northeastern Willapa Bay, Washington.}},
    year = {1997},
    journal = {US Geological Survey Profesional Paper},
    number = {1576},
    pages = {108},
    volume = {1576},
    doi = {10.3133/pp1576},
    issn = {1044-9612},
    keywords = {estuary, geology, geomorphology, high marsh, marsh, outcrop, seismology, soil horizon, streams, submarine canyon, subsidence}
}

@article{Kawamoto2017REGARD:GEONET,
    title = {{REGARD: A new GNSS-based real-time finite fault modeling system for GEONET}},
    year = {2017},
    journal = {Journal of Geophysical Research: Solid Earth},
    author = {Kawamoto, Satoshi and Ohta, Yusaku and Hiyama, Yohei and Todoriki, Masaru and Nishimura, Takuya and Furuya, Tomoaki and Sato, Yudai and Yahagi, Toshihiro and Miyagawa, Kohei},
    number = {2},
    month = {2},
    pages = {1324--1349},
    volume = {122},
    publisher = {Wiley Online Library},
    url = {http://doi.wiley.com/10.1002/2016JB013485},
    doi = {10.1002/2016JB013485},
    issn = {21699313},
    keywords = {GEONET, earthquake early warning, fault model inversion, real-time GNSS}
}

@article{Reiners2003ReinersEtAl_2003,
    title = {{ReinersEtAl{\_}2003}},
    year = {2003},
    journal = {Nature},
    author = {Reiners, Peter W and Ehlers, Todd A and Mitchell, Sara G and Montgomery, David R},
    number = {6967},
    month = {12},
    pages = {1--3},
    volume = {426},
    url = {https://canvas.cwu.edu/courses/40689/pages/week-5-tectonic-geomorphology-readings-and-discussion?module_item_id=952221 file:///Users/kitty/Library/Mobile Documents/com~apple~CloudDocs/Papers/Papers Library/Files/96/96E74701-48FD-4551-9182-EF48690C7D3A.pdf},
    doi = {10.1038/nature02111},
    issn = {0028-0836}
}

@article{Doser2006RelocationsAlaska,
    title = {{Relocations of earthquakes (1899-1917) in South-Central Alaska}},
    year = {2006},
    journal = {Pure and Applied Geophysics},
    author = {Doser, Diane I.},
    number = {8},
    pages = {1461--1476},
    volume = {163},
    doi = {10.1007/s00024-006-0085-3},
    issn = {00334553},
    keywords = {Alaska, Historic earthquakes, Kodiak, Prince William Sound, Yakutat}
}

@article{1998RemarkableForecasting,
    title = {{Remarkable cyclic ground deformation monitored in real-time on Montserrat, and its use in eruption forecasting}},
    year = {1998},
    journal = {Geophysical Research Letters},
    number = {18},
    month = {9},
    pages = {3405--3408},
    volume = {25},
    url = {http://file//localhost(null) papers3://publication/doi/10.1029/98GL01160},
    doi = {10.1029/98GL01160},
    issn = {0094-8276},
    keywords = {Antilles, Caribbean region, Eruption, Leeward Islands, Lesser Antilles, Montserrat, Pr{\'{e}}vision, Risque volcanique, West Indies, cyclic processes, deformation, eruptions, explosions, ground motion, igneous rocks, magmas, monitoring, prediction, pressure, pyroclastic flows, pyroclastics, seismicity, slope angle, telemetry, tiltmeters, volcanic risk, volcanic rocks}
}

@article{EruptionchronologiesplumeheightsanderuptionstylesatTungurahuaVolcano:IntegratingSteffke2010RemoteInfrasound,
    title = {{Remote Sensing Techniques and Infrasound}},
    year = {2010},
    journal = {Journal of Volcanology and Geothermal Research},
    author = {Eruption chronologies, plume heights and eruption styles at Tungurahua Volcano: IntegratingSteffke, Andrea M and Fee, David and Garces, Milton and Harris, Andrew},
    number = {3-4},
    month = {6},
    pages = {143--160},
    volume = {193},
    publisher = {Elsevier B.V.},
    url = {http://pages.mtu.edu/~raman/papers2/Steffke_2010_acoustic_power_plume_heights.pdf},
    doi = {10.1016/j.jvolgeores.2010.03.004},
    keywords = {Tungurahua, ash monitoring, infrasound, remote sensing, volcanic plumes}
}

@article{Leonard2010RuptureSubsidence,
    title = {{Rupture area and displacement of past Cascadia great earthquakes from coastal coseismic subsidence}},
    year = {2010},
    journal = {Bulletin of the Geological Society of America},
    author = {Leonard, Lucinda J. and Currie, Claire A. and Mazzotti, Stéphane and Hyndman, Roy D.},
    number = {11-12},
    month = {10},
    pages = {2079--2096},
    volume = {122},
    url = {https://pubs.geoscienceworld.org/gsabulletin/article/122/11-12/2079-2096/125556 http://file//localhost(null) papers3://publication/doi/10.1130/B30108.1},
    doi = {10.1130/B30108.1},
    issn = {00167606}
}

@misc{Saleeby-1992-EvolutionofLith.pdf,
    title = {{Saleeby-1992-EvolutionofLith.pdf}}
}

@article{Phadtare2009ScientificInstruction,
    title = {{Scientific writing: A randomized controlled trial comparing standard and on-line instruction}},
    year = {2009},
    journal = {BMC Medical Education},
    author = {Phadtare, Amruta and Bahmani, Anu and Shah, Anand and Pietrobon, Ricardo},
    number = {1},
    pages = {1--9},
    volume = {9},
    doi = {10.1186/1472-6920-9-27},
    issn = {14726920}
}

@misc{Waitt1994ScoresValley,
    title = {{Scores of Giganitc, Successively Smaller Lake Missoula Floods Through Channeled Scabland and Columbia Valley}},
    year = {1994},
    booktitle = {Geologic field trips in the Pacific Northwest: 1994 Geological Society of America Annual Meeting},
    author = {Waitt, Richard},
    pages = {1K-1 - 1K-11}
}

@techreport{NOAAPacificMarineEnvironmentalLaboratory2011SeasideModel.,
    title = {{Seaside, Oregon Tsunami Forecast Grids for MOST Model.}},
    year = {2011},
    author = {NOAA Pacific Marine Environmental Laboratory, Center for Tsunami Research NCTR},
    month = {1},
    publisher = {National Centers for Environmental Information, NOAA},
    doi = {10.7289/V56W9830}
}

@techreport{Group2006SeasideMaps,
    title = {{Seaside, Oregon Tsunami Pilot Study: Modernization of FEMA Flood Hazard Maps}},
    year = {2006},
    author = {Group, Tsunami Pilot Study Working},
    number = {NOAA OAR Special Report, NOAA/ OAR/PMEL},
    month = {1},
    pages = {1--176},
    publisher = {NOAA/OAR/PMEL, Tsunami Pilot Study Working Group},
    url = {http://scholar.google.com/scholar?hl=en&btnG=Search&q=intitle:Seaside+,+Oregon+Tsunami+Pilot+Study+—+Modernization+of+FEMA+Flood+Hazard+Maps#0},
    issn = {2331-1258}
}

@misc{Peoples1984SedimentologyWashington,
    title = {{Sedimentology and Petrology of the Swauk Formation, Blewett Pass Area, Washington}},
    year = {1984},
    author = {Peoples, Darrell Duane},
    pages = {46}
}

@article{Moran2008SeismicityAt,
    title = {{Seismicity Associated with Renewed Dome Building at}},
    year = {2008},
    journal = {A Volcano Rekindled: The Renewed Eruption of Mount St. Helens, 2004-2005},
    author = {Moran, Seth C and Malone, Stephen D and Qamar, Anthony I and Thelen, Weston A and Wright, Amy K and Caplan-auerbach, Jacqueline},
    pages = {2004--2006}
}

@article{Moran2008Seismicity2004-2005,
    title = {{Seismicity associated with renewed dome building at Mount St. Helens, 2004-2005}},
    year = {2008},
    journal = {US Geological Survey Professional Paper},
    author = {Moran, Seth C. and Malone, Stephen D. and Qamar, Anthony I. and Thelen, Weston A. and Wright, Amy K. and Caplan-Auerbach, Jacqueline},
    number = {1750},
    month = {1},
    pages = {27--60},
    url = {https://pubs.usgs.gov/pp/1750/chapters/pp2008-1750_chapter02.pdf},
    doi = {10.3133/pp17502},
    issn = {1044-9612},
    keywords = {dome, geology, geomorphology, induced seismicity, seismology, volcano}
}

@article{Gross2002ShallowSurveying,
    title = {{Shallow geometry and displacements on the San Andreas Fault near Point Arena based on trenching and 3-D georadar surveying}},
    year = {2002},
    journal = {Geophysical Research Letters},
    author = {Gross, Ralf and Green, Alan and Holliger, Klaus and Horstmeyer, Heinrich and Baldwin, John},
    number = {20},
    month = {10},
    pages = {34--1},
    volume = {29},
    url = {http://doi.wiley.com/10.1029/2002GL015534 file:///Users/kitty/Library/Mobile Documents/com~apple~CloudDocs/Papers/Papers Library/Files/AF/AFABF180-76B0-4C8A-A02F-3FF2EA5F7F1A.pdf papers3://publication/doi/10.1029/2002GL015534},
    doi = {10.1029/2002gl015534}
}

@article{denBieman2012SimulatingEvolution,
    title = {{Simulating Barrier Island Evolution}},
    year = {2012},
    journal = {MSc. Thesis Delft University of Technology},
    author = {den Bieman, J. P.}
}

@article{Canizares2008SimulationFlooding,
    title = {{Simulation of storm-induced barrier island morphodynamics and flooding}},
    year = {2008},
    journal = {Coastal Engineering},
    author = {Ca{\~{n}}izares, Rafael and Irish, Jennifer L.},
    number = {12},
    pages = {1089--1101},
    volume = {55},
    publisher = {Elsevier B.V.},
    url = {http://dx.doi.org/10.1016/j.coastaleng.2008.04.006},
    doi = {10.1016/j.coastaleng.2008.04.006},
    issn = {03783839},
    keywords = {Breaching, Hurricanes, Morphodynamics, Nor'easters, Numerical modeling, Storm surge}
}

@article{Society1978SLIPI,
    title = {{SLIP ALONG T H E SAN ANDREAS FAULT ASSOCIATED WITH T H E {\~{}} F , LT {\~{}} c ili i : i}},
    year = {1978},
    journal = {October},
    author = {Society, Seismological},
    number = {5},
    pages = {1421--1448},
    volume = {68}
}

@article{Macinnes2010SlipRecords,
    title = {{Slip distribution of the 1952 Kamchatka great earthquake based on near-field tsunami deposits and historical records}},
    year = {2010},
    journal = {Bulletin of the Seismological Society of America},
    author = {Macinnes, Breanyn T. and Weiss, Robert and Bourgeois, Joanne and Pinegina, Tatiana K.},
    number = {4},
    month = {7},
    pages = {1695--1709},
    volume = {100},
    publisher = {GeoScienceWorld},
    url = {http://www.bssaonline.org/cgi/doi/10.1785/0120090376 http://file//localhost(null) papers3://publication/doi/10.1785/0120090376},
    doi = {10.1785/0120090376},
    issn = {00371106},
    keywords = {Model inputs, Sedimentary methodology, Simulation results}
}

@article{Oskin2007SlipZone,
    title = {{Slip rate of the Calico fault: Implications for geologic versus geodetic rate discrepancy in the Eastern California Shear Zone}},
    year = {2007},
    journal = {Journal of Geophysical Research: Solid Earth},
    author = {Oskin, Michael and Perg, Lesley and Blumentritt, Dylan and Mukhopadhyay, Sujoy and Iriondo, Alexander},
    number = {3},
    month = {3},
    pages = {03402--16},
    volume = {112},
    url = {http://file//localhost(null) papers3://publication/doi/10.1029/2006JB004451},
    doi = {10.1029/2006JB004451},
    issn = {21699356}
}

@article{Melgar2016SlipEarthquake,
    title = {{Slip segmentation and slow rupture to the trench during the 2015, Mw8.3 Illapel, Chile earthquake}},
    year = {2016},
    journal = {Geophysical Research Letters},
    author = {Melgar, Diego and Allen, Richard M. and Fan, Wenyuan and Shearer, Peter M. and Riquelme, Sebastian and Geng, Jianghui and Liang, Cunren and Fielding, Eric J. and Fuentes, Mauricio and Vargas, Gabriel},
    number = {3},
    month = {1},
    pages = {961--966},
    volume = {43},
    url = {http://doi.wiley.com/10.1002/2015GL067369 http://file//localhost(null) papers3://publication/doi/10.1002/2015gl067369},
    doi = {10.1002/2015GL067369},
    issn = {1944-8007},
    keywords = {earthquake seismology, subfuction zone, tsunami}
}

@article{Kanamori2008SourceWarning,
    title = {{Source inversion of W phase: Speeding up seismic tsunami warning}},
    year = {2008},
    journal = {Geophysical Journal International},
    author = {Kanamori, Hiroo and Rivera, Luis},
    number = {1},
    month = {10},
    pages = {222--238},
    volume = {175},
    url = {https://academic.oup.com/gji/article-lookup/doi/10.1111/j.1365-246X.2008.03887.x},
    doi = {10.1111/j.1365-246X.2008.03887.x},
    issn = {0956540X},
    keywords = {Early warning, Earthquake source observations, Surface waves and free oscillations, Tsunamis, Wave propagation}
}

@article{Snieder2006SpatialAnalysis,
    title = {{Spatial variation in Mount St. Helens clones from coda wave analysis}},
    year = {2006},
    journal = {Centre for Wave Phenomena Consortium Project 2006},
    author = {Snieder, Roel and Prejean, Stephanie G. and Johnson, Jeffrey B.},
    month = {5},
    pages = {247--252},
    url = {http://www.cwp.mines.edu/Meetings/Project06/cwp543.pdf},
    keywords = {time lapse, volcano monitoring}
}

@article{Wells2013SteadyArc,
    title = {{Steady rotation of the Cascade arc}},
    year = {2013},
    journal = {Geology},
    author = {Wells, Ray E. and McCaffrey, Robert},
    number = {9},
    month = {1},
    pages = {1027--1030},
    volume = {41},
    url = {papers3://publication/doi/10.1130/G34514.1},
    doi = {10.1130/G34514.1},
    issn = {00917613}
}

@article{SallengerA.H.2000StormIslands,
    title = {{Storm impact scale for barrier islands}},
    year = {2000},
    journal = {Journal of Coastal Research},
    author = {Sallenger A.H., Jr.},
    number = {3},
    pages = {890--895},
    volume = {16}
}

@article{Jr2000StormIslands,
    title = {{Storm impact scale for barrier islands}},
    year = {2000},
    journal = {Journal of Coastal Research},
    author = {Jr, AH Sallenger},
    number = {3},
    pages = {890--895},
    volume = {16},
    url = {http://www.jstor.org/stable/10.2307/4300099},
    issn = {0749-0208},
    keywords = {Tropical storms, extra-tropical storms, sand transpor, sand transport, swash}
}

@misc{Fraser1985StratigraphyWashington,
    title = {{Stratigraphy, Sedimentology, and Structure of the Swauk Formation in the Swauk Pass Area, Central Cascades, Washington}},
    year = {1985},
    author = {Fraser, Gregory Thomas},
    pages = {32}
}

@article{Hotovec2013StronglyVolcano,
    title = {{Strongly gliding harmonic tremor during the 2009 eruption of Redoubt Volcano}},
    year = {2013},
    journal = {Journal of Volcanology and Geothermal Research},
    author = {Hotovec, Alicia J. and Prejean, Stephanie G. and Vidale, John E. and Gomberg, Joan},
    number = {C},
    month = {6},
    pages = {89--99},
    volume = {259},
    publisher = {Elsevier B.V.},
    url = {http://dx.doi.org/10.1016/j.jvolgeores.2012.01.001 http://file//localhost(null) papers3://publication/doi/10.1016/j.jvolgeores.2012.01.001},
    doi = {10.1016/j.jvolgeores.2012.01.001},
    issn = {03770273},
    keywords = {Gliding spectral lines, Harmonic tremor, Redoubt Volcano, Repeating earthquakes, Volcano seismology}
}

@article{Brown1987StructuralCanada.,
    title = {{Structural geology and accretionary history of the Northwest Cascades system, Washington and British Columbia ( USA, Canada).}},
    year = {1987},
    journal = {Geological Society of America Bulletin},
    author = {Brown, E. H.},
    number = {2},
    month = {2},
    pages = {201--214},
    volume = {99},
    publisher = {Geological Society of America},
    url = {http://file//localhost(null) (null) https://pubs.geoscienceworld.org/gsabulletin/article/99/2/201-214/203251},
    doi = {10.1130/0016-7606(1987)99<201:SGAAHO>2.0.CO;2},
    issn = {00167606},
    keywords = {fault, fold, geology, geomorphology, lineation, metamorphism, regional geology, structural geology, tectonics, thrust fault}
}

@article{Doran2009StructureSwarm,
    title = {{Structure of the Swauk Formation and Teanaway dike swarm}},
    year = {2009},
    journal = {San Jose, California, San Jose State University},
    author = {Doran, B.},
    month = {1},
    pages = {97},
    url = {papers3://publication/uuid/B9A37CAC-B9DF-423F-AF89-7DB841C1BC4C}
}

@article{Matoza2010SubeventsHelens,
    title = {{Subevents of long-period seismicity: Implications for hydrothermal dynamics during the 2004-2008 eruption of Mount St. Helens}},
    year = {2010},
    journal = {Journal of Geophysical Research: Solid Earth},
    author = {Matoza, Robin S. and Chouet, Bernard A.},
    number = {12},
    month = {12},
    pages = {B12206},
    volume = {115},
    url = {http://doi.wiley.com/10.1029/2010JB007839 http://file//localhost(null) papers3://publication/doi/10.1029/2010JB007839},
    doi = {10.1029/2010JB007839},
    issn = {21699356}
}

@article{Atwater2003SummaryZone,
    title = {{Summary of Coastal Geologic Evidence for Past Great Earthquakes at the Cascadia Subduction Zone}},
    year = {2003},
    journal = {Earthquake Spectra},
    author = {Atwater, Brian F. and Nelson, Alan R. and Clague, John J. and Carver, Gary A. and Yamaguchi, David K. and Bobrowsky, Peter T. and Bourgeois, Joanne and Darienzo, Mark E. and Grant, Wendy C. and Hemphill‐Haley, Eileen and Kelsey, Harvey M. and Jacoby, Gordon C. and Nishenko, Stuart P. and Palmer, Stephen P. and Peterson, Curt D. and Reinhart, Mary Ann},
    number = {1},
    month = {2},
    pages = {1--18},
    volume = {11},
    url = {http://earthquakespectra.org/doi/10.1193/1.1585800 file:///Users/kitty/Library/Mobile Documents/com~apple~CloudDocs/Papers/Papers Library/Files/02/0255664D-58F3-40FD-8C8C-60B5E3E10207.pdf papers3://publication/doi/10.1193/1.1585800 http://file//localhost(},
    doi = {10.1193/1.1585800},
    issn = {8755-2930}
}

@article{Okada1986SurfaceHalf-space,
    title = {{Surface deformation due to shear and tensile faults in a half-space}},
    year = {1986},
    journal = {International Journal of Rock Mechanics and Mining Sciences {\&} Geomechanics Abstracts},
    author = {Okada, Yoshimitsu},
    number = {4},
    month = {8},
    pages = {128},
    volume = {23},
    publisher = {GeoScienceWorld},
    url = {https://linkinghub.elsevier.com/retrieve/pii/0148906286906741},
    doi = {10.1016/0148-9062(86)90674-1},
    issn = {01489062}
}

@article{Mori2011SurveyRun-up,
    title = {{Survey of 2011 Tohoku earthquake tsunami inundation and run-up}},
    year = {2011},
    journal = {Geophysical Research Letters},
    author = {Mori, Nobuhito and Takahashi, Tomoyuki and Yasuda, Tomohiro and Yanagisawa, Hideaki},
    number = {18},
    month = {9},
    pages = {n/a-n/a},
    volume = {38},
    url = {http://doi.wiley.com/10.1029/2011GL049210 http://file//localhost(null) papers3://publication/doi/10.1029/2011GL049210},
    doi = {10.1029/2011GL049210},
    issn = {00948276}
}

@article{2013TechnicalSummary,
    title = {{Technical Summary}},
    year = {2013},
    month = {12},
    pages = {1--84},
    url = {http://file//localhost(null) papers3://publication/uuid/3863C20D-1EF0-48AF-B51D-F614D7D03FDC}
}

@article{Erren2007TenHamming,
    title = {{Ten simple rules for doing your best research, according to Hamming}},
    year = {2007},
    journal = {PLoS Computational Biology},
    author = {Erren, Thomas C. and Cullen, Paul and Erren, Michael and Bourne, Philip E.},
    number = {10},
    pages = {1839--1840},
    volume = {3},
    doi = {10.1371/journal.pcbi.0030213},
    issn = {1553734X}
}

@misc{Mahoney1999TerraneMargin.pdf,
    title = {{Terrane Accretion along the Western Cordilleran Margin.pdf}},
    year = {1999},
    author = {Mahoney, J. Brian and Haugerud, Ralph A.}
}

@article{2013TestingEarthquakes,
    title = {{Testing precise foraminiferal reconstructions of upper plate deformation during Earth’s greatest earthquakes}},
    year = {2013},
    journal = {Geology},
    volume = {41}
}

@article{ThHydrographs,
    title = {{th o r ' s pe Au rs on The effect of tidal inlets on open coast storm surge hydrographs}},
    doi = {10.1016/j.coastaleng.2006.10.002},
    keywords = {bridge scour, hurricane ivan, shallow water equations, storm surge hydrographs, tidal inlets}
}

@article{1980TheOf,
    title = {{The 1980 eruptions of}},
    year = {1980}
}

@article{Jackson2006TheFuture,
    title = {{The 2004 parkfield earthquake, the 1985 prediction, and characteristic earthquakes: Lessons for the future}},
    year = {2006},
    journal = {Bulletin of the Seismological Society of America},
    author = {Jackson, D. D. and Kagan, Y. Y.},
    number = {4 B},
    month = {9},
    pages = {S397-S409},
    volume = {96},
    publisher = {GeoScienceWorld},
    url = {file:///Users/kitty/Library/Mobile Documents/com~apple~CloudDocs/Papers/Papers Library/Files/02/02F1021C-7A41-4B03-B519-40EBA16742F6.pdf papers3://publication/doi/10.1785/0120050821},
    doi = {10.1785/0120050821},
    issn = {00371106}
}

@article{Norio2011TheComments,
    title = {{The 2011 eastern Japan great earthquake disaster: Overview and comments}},
    year = {2011},
    journal = {International Journal of Disaster Risk Science},
    author = {Norio, Okada and Ye, Tao and Kajitani, Yoshio and Shi, Peijun and Tatano, Hirokazu},
    number = {1},
    pages = {34--42},
    volume = {2},
    isbn = {1375301100049},
    doi = {10.1007/s13753-011-0004-9},
    issn = {20950055},
    keywords = {2011 Eastern Japan Earthquake, Fukushima nuclear crisis, earthquake-tsunami disaster chain, impact and response}
}

@incollection{Gonzalez1995The1992,
    title = {{The Cape Mendocino Tsunami, 25 April 1992}},
    year = {1995},
    booktitle = {Advances in Natural and Technological Hazards Research},
    author = {Gonz{\'{a}}lez, F. I. and Bernard, E. N. and Satake, K.},
    number = {Chapter 10},
    month = {1},
    pages = {151--158},
    volume = {4},
    publisher = {Springer Netherlands},
    url = {http://www.springerlink.com/index/10.1007/978-94-015-8565-1_10},
    address = {Dordrecht},
    doi = {10.1007/978-94-015-8565-1{\_}10}
}

@article{Baker2009TheRetrospective,
    title = {{The Channeled Scabland: A Retrospective}},
    year = {2009},
    journal = {Annual Review of Earth and Planetary Sciences},
    author = {Baker, Victor R.},
    number = {1},
    month = {5},
    pages = {393--411},
    volume = {37},
    publisher = {Annual Reviews},
    url = {http://file//localhost(null) papers3://publication/doi/10.1146/annurev.earth.061008.134726},
    doi = {10.1146/annurev.earth.061008.134726},
    issn = {0084-6597}
}

@article{Cheney2009TheUSA,
    title = {{The Chiwaukum Structural Low: Cenozoic shortening of the central Cascade Range, Washington State, USA}},
    year = {2009},
    journal = {Bulletin of the Geological Society of America},
    author = {Cheney, Eric S. and Hayman, N. W.},
    number = {7-8},
    pages = {1135--1153},
    volume = {121},
    doi = {10.1130/B26446.1},
    issn = {00167606}
}

@article{Synolakis2015The:,
    title = {{The Fukushima accident was preventable Subject Areas :}},
    year = {2015},
    author = {Synolakis, Costas},
    keywords = {geophysics, oceanography}
}

@article{Berger2011TheRefinement,
    title = {{The GeoClaw software for depth-averaged flows with adaptive refinement}},
    year = {2011},
    journal = {Advances in Water Resources},
    author = {Berger, Marsha J. and George, David L. and LeVeque, Randall J. and Mandli, Kyle T.},
    number = {9},
    month = {9},
    pages = {1195--1206},
    volume = {34},
    url = {http://linkinghub.elsevier.com/retrieve/pii/S0309170811000480 file:///Users/kitty/Library/Mobile Documents/com~apple~CloudDocs/Papers/Papers Library/Files/69/69E24870-C44F-49FD-BB3E-73EF76EEBE02.pdf papers3://publication/doi/10.1016/j.advwatres.2011.02.01},
    doi = {10.1016/j.advwatres.2011.02.016},
    issn = {03091708},
    arxivId = {1008.0455},
    keywords = {Adaptive refinement, Depth-averaged equations, Finite volume methods, Hyperbolic equations, Numerical flow modeling}
}

@article{Doocy2013TheReview,
    title = {{The Human Impact of Floods: a Historical Review of Events and Systematic Literature Review}},
    year = {2013},
    journal = {PLOS Currents Disasters},
    author = {Doocy, Shannon and Daniels, Amy and Murray, Sarah and Kirsch, Thomas D},
    pages = {1--32},
    volume = {1},
    doi = {10.1371/currents.dis.f4deb457904936b07c09daa98ee8171a.Authors},
    issn = {21573999},
    pmid = {23857425}
}

@article{Hall2014TheScientists,
    title = {{The Kardashian index: A measure of discrepant social media profile for scientists}},
    year = {2014},
    journal = {Genome Biology},
    author = {Hall, Neil},
    number = {7},
    pages = {1--3},
    volume = {15},
    doi = {10.1186/s13059-014-0424-0},
    issn = {1474760X}
}

@article{Bretz1969TheBretz,
    title = {{The Lake Missoula Floods and the Channeled Scabland Author ( s ): J . Harlen Bretz}},
    year = {1969},
    journal = {The Journal of Geology},
    author = {Bretz, J. Harlen},
    number = {5},
    pages = {505--543},
    volume = {77}
}

@article{Kurokawa2012TheSummary,
    title = {{The National Diet of Japan - The Fukushima Nuclear Accident Independent Investigation Commission Report - Executive Summary}},
    year = {2012},
    journal = {The National Diet of Japan},
    author = {Kurokawa, Kiyoshi and Ishibashi, Katsuhiko and Oshima, Kenzo and Sakiyama, Hisako and Sakurai, Masafumi and Tanaka, Koichi and Tanaka, Mitsuhiko and Nomura, Shuya and Hachisuka, Reiko and Yokoyama, Yoshinori},
    month = {7},
    pages = {pp. 86},
    url = {http://www.nirs.org/fukushima/naiic_report.pdf}
}

@article{Allan2009TheWashington,
    title = {{the Pacifi c Northwest coast of Oregon and Washington}},
    year = {2009},
    author = {Allan, Jonathan C. and Witter, Robert C. and Ruggiero, Peter and Hawkes, Andrea D},
    number = {19},
    pages = {373--406},
    volume = {015},
    doi = {10.1130/2009.fl}
}

@article{Clynne2008ThePresent,
    title = {{The pleistocene eruptive history of Mount St. Helens, Washington, from 300,000 to 12,800 years before present}},
    year = {2008},
    journal = {US Geological Survey Professional Paper},
    author = {Clynne, Michael A. and Calvert, Andrew T. and Evarts, Russell C. and Fleck, Robert J. and Lanphere, Marvin A. and Wolfe, Edward W.},
    number = {1750},
    month = {1},
    pages = {593--628},
    url = {http://file//localhost(null) papers3://publication/uuid/DBB25D3B-113A-4D2C-B307-F3DC7A204AB8},
    doi = {10.3133/pp175028},
    issn = {1044-9612},
    keywords = {before present, geology, geomorphology, pleistocene, seismology, volcano}
}

@article{Dilmen2018TheIsland,
    title = {{The Role of Near-Shore Bathymetry During Tsunami Inundation in a Reef Island Setting: A Case Study of Tutuila Island}},
    year = {2018},
    journal = {Pure and Applied Geophysics},
    author = {Dilmen, Derya I. and Roe, Gerard H. and Wei, Yong and Titov, Vasily V.},
    number = {4},
    month = {4},
    pages = {1239--1256},
    volume = {175},
    publisher = {Springer International Publishing},
    url = {https://doi.org/10.1007/s00024-018-1769-1 http://link.springer.com/10.1007/s00024-018-1769-1},
    doi = {10.1007/s00024-018-1769-1},
    issn = {14209136},
    keywords = {American Samoa, Tsunami, island reef environment, manning roughness, numerical modeling}
}

@article{1992THEPirrello,
    title = {{THE ROLE OF WAVE AND CURRENT FORCING IN THE PROCESS OF BARRIER ISLAND OVERWASH by Mark A . Pirrello}},
    year = {1992}
}

@article{Snieder1986The.pdf,
    title = {{The theory of coda wave .pdf}},
    year = {1986},
    journal = {Pure and Applied Geophysics},
    author = {Snieder, Roel},
    number = {2-3},
    month = {2},
    pages = {455--473},
    volume = {163},
    url = {http://link.springer.com/10.1007/s00024-005-0026-6 file:///Users/kitty/Library/Mobile Documents/com~apple~CloudDocs/Papers/Papers Library/Files/54/5461720F-7DCA-4192-A63E-EC0739F37360.pdf papers3://publication/doi/10.1007/s00024-005-0026-6},
    doi = {10.1007/s00024-005-0026-6},
    issn = {00334553},
    keywords = {Coda waves, Monitoring, Scattering, coda wave interferometry}
}

@article{Sally1991ThisEarthquakes,
    title = {{This document is downloaded from DR-NTU , Nanyang Technological permission of American Geophysical Union . The paper Associated With Prehistoric Earthquakes}},
    year = {1991},
    author = {Sally, F and Earthquakes, Prehistoric and Mcgill, Sally F and Sieh, Kerry}
}

@article{Smith1986ThisHttps://books.google.com,
    title = {{This is a reproduction of a library book that was digitized by Google as part of an ongoing effort to preserve the information in books and make it universally accessible. https://books.google.com}},
    year = {1986},
    journal = {Oxford University},
    author = {Smith, Andrew},
    pages = {60},
    volume = {XXX},
    isbn = {3663537137}
}

@article{Satake2013TimeData,
    title = {{Time and space distribution of coseismic slip of the 2011 Tohoku earthquake as inferred from Tsunami waveform data}},
    year = {2013},
    journal = {Bulletin of the Seismological Society of America},
    author = {Satake, Kenji and Fujii, Yushiro and Harada, Tomoya and Namegaya, Yuichi},
    number = {2 B},
    month = {5},
    pages = {1473--1492},
    volume = {103},
    publisher = {GeoScienceWorld},
    url = {https://pubs.geoscienceworld.org/bssa/article/103/2B/1473-1492/331662 http://file//localhost(null) papers3://publication/doi/10.1785/0120120122},
    doi = {10.1785/0120120122},
    issn = {00371106}
}

@article{Radiguet2016TriggeringMexico,
    title = {{Triggering of the 2014 Mw 7.3 Papanoa earthquake by a slow slip event in Guerrero, Mexico}},
    year = {2016},
    journal = {Nature Geoscience},
    author = {Radiguet, M. and Perfettini, H. and Cotte, N. and Gualandi, A. and Valette, B. and Kostoglodov, V. and Lhomme, T. and Walpersdorf, A. and Cabral Cano, E. and Campillo, M.},
    number = {11},
    month = {10},
    pages = {829--833},
    volume = {9},
    url = {http://file//localhost(null) papers3://publication/doi/10.1038/ngeo2817},
    doi = {10.1038/ngeo2817},
    issn = {17520908}
}

@article{Industries2013TsunamiOregon,
    title = {{Tsunami evacuation map Seaside {\&} Gearhart, Oregon}},
    year = {2013},
    author = {Industries, Oregon Department of Geology and Mineral},
    month = {6},
    pages = {1},
    url = {http://www.oregongeology.org/pubs/tim/Clat08_Gearhart_Seaside_Plate1_onscreen.pdf http://file//localhost(null) (null)},
    address = {Oregon Department of Geology and Mineral Industries}
}

@article{Wei2014TsunamiTsunami,
    title = {{Tsunami Forecast by Joint Inversion of Real-Time Tsunami Waveforms and Seismic or GPS Data: Application to the Tohoku 2011 Tsunami}},
    year = {2014},
    journal = {Pure and Applied Geophysics},
    author = {Wei, Yong and Newman, Andrew V. and Hayes, Gavin P. and Titov, Vasily V. and Tang, Liujuan},
    number = {12},
    month = {12},
    pages = {3281--3305},
    volume = {171},
    publisher = {Springer International Publishing},
    url = {http://link.springer.com/10.1007/s00024-014-0777-z},
    doi = {10.1007/s00024-014-0777-z},
    issn = {14209136},
    keywords = {GPS, Tsunameter, finite-fault solution, inundation, inversion, modeling, near field, runup, tsunami, tsunami forecast}
}

@article{MacInnes2011TsunamiGeoClaw,
    title = {{Tsunami modeling of multiple earthquake sources from the 2011 Tohoku event using GeoClaw}},
    year = {2011},
    journal = {American Geophysical Union Fall Meeting},
    author = {MacInnes, B T and Arcos, M E and Leveque, R J and Gonzalez, F I},
    month = {12},
    pages = {@Abstract NH11A--1337},
    volume = {2011},
    url = {http://ezproxy.lib.ucalgary.ca/login?url=http://search.ebscohost.com/login.aspx?direct=true&db=geh&AN=2015-020442&site=ehost-live%0Ahttp://abstractsearch.agu.org/meetings/2011/FM/sections/NH/sessions/NH11A/abstracts/NH11A-1337.html},
    keywords = {Asia;, DART network;, Far East;, GeoClaw;, Japan;, Seismology; 19, Tohoku-Oki earthquake 2011;, computer programs;, data bases;, data processing;, deformation;, earthquakes;, gauging;, models;, ocean circulation;, ocean floors;, patterns;, prediction;, rupture;, simulation;, tides;, tsunamis;, waveforms;}
}

@article{Tanioka2018TsunamiRegion,
    title = {{Tsunami Simulation Method Assimilating Ocean Bottom Pressure Data Near a Tsunami Source Region}},
    year = {2018},
    journal = {Pure and Applied Geophysics},
    author = {Tanioka, Yuichiro},
    number = {2},
    month = {2},
    pages = {721--729},
    volume = {175},
    publisher = {Springer International Publishing},
    url = {http://file//localhost(null) papers3://publication/doi/10.1007/s00024-017-1697-5 http://link.springer.com/10.1007/s00024-017-1697-5},
    doi = {10.1007/s00024-017-1697-5},
    issn = {14209136},
    keywords = {Tsunami numerical simulation, dense pressure sensors network, tsunami forecast}
}

@article{Dorsett2005TsunamiDestruction,
    title = {{Tsunami! Information Sharing in the Wake of Destruction}},
    year = {2005},
    author = {Dorsett, David J.},
    url = {http://oai.dtic.mil/oai/oai?verb=getRecord&metadataPrefix=html&identifier=ADA482159},
    keywords = {*HUMANITARIAN ASSISTANCE, *INFORMATION EXCHANGE, *JOINT MILITARY ACTIVITIES, *MILITARY ASSISTANCE, *MILITARY FORCES(UNITED STATES), *NATURAL DISASTERS, *TSUNAMIS, DAMAGE ASSESSMENT, INDONESIA, INTELLIGENCE, MILITARY PUBLICATIONS, REPRINTS, SATELLITE IMAGERY, SITUATIONAL AWARENESS, SRI LANKA, THAILAND, UNITED STATES GOVERNMENT}
}

@article{Chopin2003Ultrahigh-pressureMantle,
    title = {{Ultrahigh-pressure metamorphism: Tracing continental crust into the mantle}},
    year = {2003},
    journal = {Earth and Planetary Science Letters},
    author = {Chopin, Christian},
    number = {1-2},
    month = {7},
    pages = {1--14},
    volume = {212},
    url = {file:///Users/kitty/Library/Mobile Documents/com~apple~CloudDocs/Papers/Papers Library/Files/5D/5D9DBB26-7F2F-418F-9B51-C612D67D5803.pdf papers3://publication/doi/10.1016/S0012-821X(03)00261-9},
    doi = {10.1016/S0012-821X(03)00261-9},
    issn = {0012821X},
    keywords = {Buoyancy, Coesite, Collision, Continental subduction, Diamond, Eclogite, Exhumation, Fluids, Kinetics, Majorite, Mantle-crust interaction, Metamorphism, Ultrahigh pressure}
}

@article{WilliamEScott2009USGS1,
    title = {{USGS professional paper 1750, Chapter 1}},
    year = {2009},
    author = {William E Scott, David R Sherrod and Cynthia A Gardner},
    month = {3},
    pages = {1--20},
    url = {http://file//localhost(null) papers3://publication/uuid/295714D4-ED5C-42C2-B6FD-775A484F66DC}
}

@article{StephenPHorton2009USGS5,
    title = {{USGS professional paper 1750, Chapter 5}},
    year = {2009},
    author = {Stephen P Horton, Robert D Norris and Seth C Moran},
    month = {3},
    pages = {1--14},
    doi = {10.3133/pp17505}
}

@article{Bierman1994UsingPerspective,
    title = {{Using in situ produced cosmogenic isotopes to estimate rates of landscape evolution: A review from the geomorphic perspective}},
    year = {1994},
    journal = {Journal of Geophysical Research: Solid Earth},
    author = {Bierman, Paul R.},
    number = {B7},
    pages = {13885--13896},
    volume = {99},
    doi = {10.1029/94jb00459}
}

@article{Arcos2015ValidatingTsunami,
    title = {{Validating Velocities in the GeoClaw Tsunami Model Using Observations near Hawaii from the 2011 Tohoku Tsunami}},
    year = {2015},
    journal = {Pure and Applied Geophysics},
    author = {Arcos, M. E.M. and LeVeque, Randall J.},
    number = {3-4},
    month = {10},
    pages = {849--867},
    volume = {172},
    url = {https://arxiv.org/pdf/1410.2884.pdf http://arxiv.org/abs/1410.2884 http://dx.doi.org/10.1007/s00024-014-0980-y},
    doi = {10.1007/s00024-014-0980-y},
    issn = {14209136},
    arxivId = {1410.2884},
    keywords = {2011 Japan tsunami, GeoClaw, Tsunamis, currents, numerical modeling, validation}
}

@article{Yue2015ValidationEarthquake,
    title = {{Validation of linearity assumptions for using tsunami waveforms in joint inversion of kinematic rupture models: Application to the 2010 Mentawai Mw 7.8 tsunami earthquake}},
    year = {2015},
    journal = {Journal of Geophysical Research: Solid Earth},
    author = {Yue, Han and Lay, Thorne and Li, Linyan and Yamazaki, Yoshiki and Cheung, Kwok Fai and Rivera, Luis and Hill, Emma M. and Sieh, Kerry and Kongko, Widjo and Muhari, Abdul},
    number = {3},
    month = {3},
    pages = {1728--1747},
    volume = {120},
    url = {http://doi.wiley.com/10.1002/2014JB011721},
    doi = {10.1002/2014JB011721},
    issn = {21699356},
    keywords = {2010 Mentawai earthquake, joint inversion, shallow megathrust, tsunami earthquake, tsunami inversion, tsunami linearity}
}

@article{McNutt2005VolcanicSeismology,
    title = {{Volcanic Seismology}},
    year = {2005},
    journal = {Annual Review of Earth and Planetary Sciences},
    author = {McNutt, Stephen R.},
    number = {1},
    month = {5},
    pages = {461--491},
    volume = {33},
    publisher = {Annual Reviews},
    url = {http://www.annualreviews.org/doi/10.1146/annurev.earth.33.092203.122459},
    doi = {10.1146/annurev.earth.33.092203.122459},
    issn = {0084-6597}
}

@article{Journal2013,
    title = {{Лидия Прокофьева 1 , Ирина Корчагина 2 , 3 , Екатерина Тарновская 4 Анна Миронова}},
    year = {2013},
    author = {Journal, T H E and Social, O F},
    number = {2},
    pages = {81--96},
    volume = {3},
    keywords = {intensive care units, kangaroo-mother care method, mother-child relations, neonatal, neonatal nursing, newborn}
}